3398 5580
870 453 912 464 —
937 417 977 481 tii
1001 451 1046 465 -
1135 470 1138 479 .

427 570 555 643 tempus
573 559 793 634 mitterentur,
814 566 872 621 aut
886 566 1028 640 tempore
1044 574 1190 641 congruo
1206 576 1263 641 per
1279 554 1491 621 denominata
1572 562 1575 567 '

426 686 497 751 lora
524 682 667 750 renaudi
696 702 796 748 causa
824 687 945 769 pariter
970 693 1003 749 et
1029 683 1197 749 nutriendi
1224 683 1488 767 disponerentur.

401 822 403 826 “
428 811 491 885 Sed
507 821 538 877 et
553 811 618 875 hoc
633 820 665 873 et
679 809 775 885 illud,
792 808 826 874 id
842 819 891 876 est
903 812 989 875 intra
1003 818 1036 876 et
1048 819 1136 875 extra
1153 809 1326 895 palatium,
1343 812 1389 875 ita
1403 828 1491 876 sem·

427 965 484 1031 per
499 963 574 1010 curn
592 960 748 1007 mensura
764 951 797 1006 et
814 944 938 1007 rationo
951 940 1169 1019 ordinaretur,
1186 950 1223 1006 ut
1237 950 1399 1025 quantum
1414 959 1492 1026 pro·

429 1071 535 1137 desset
552 1078 652 1147 esset,
669 1077 702 1133 et
716 1078 878 1152 quantum
894 1087 960 1134 non
975 1067 1142 1154 prodesset
1156 1087 1222 1132 non
1239 1078 1342 1144 esset3
1359 1069 1440 1152 quia
1455 1069 1492 1132 in

430 1198 511 1282 ipsis
526 1196 722 1260 ministeriis
742 1215 808 1261 nou
827 1199 874 1261 sic
888 1196 981 1261 bacile
1001 1205 1108 1261 certus
1124 1213 1283 1259 numerus
1304 1203 1362 1258 aut
1382 1193 1492 1259 homi·

368 1311 381 1335 ⁰
431 1344 510 1389 num
527 1332 585 1387 aut
602 1319 741 1386 canum¹
758 1333 816 1386 aut
830 1324 938 1387 arium
956 1323 1091 1387 diffiniri
1109 1331 1238 1407 potest:
1257 1320 1331 1386 ideo
1350 1323 1387 1386 in
1403 1322 1492 1407 ipso·

430 1471 504 1515 rum
522 1450 657 1515 arbitrio
675 1449 826 1515 manebat
841 1452 956 1536 quanti
974 1460 1006 1516 ct
1020 1449 1134 1536 quales
1152 1458 1271 1514 essent.

914 1780 1018 1844 XXV.

478 2071 602 2137 Sensus
624 2080 735 2135 autem
758 2072 795 2134 in
815 2069 869 2134 his
893 2069 1048 2135 omnibus
1063 2067 1147 2133 talis
1172 2076 1240 2133 erat
1262 2076 1300 2133 ut
1325 2087 1497 2155 nunquam

329 2223 334 2231 ·
433 2197 553 2282 palatio
570 2195 651 2261 tales
670 2193 721 2260 rel
738 2197 820 2259 tanti
836 2196 984 2262 deessent
999 2198 1142 2262 ministri
1155 2207 1286 2283 propter
1304 2196 1365 2263 has
1382 2198 1498 2282 prteci·

434 2342 499 2408 pue
513 2323 601 2387 iuter
616 2332 746 2387 caeteras
766 2322 972 2388 necessitates
988 2323 1040 2388 rel
1056 2321 1276 2390 honestates².
1294 2325 1424 2403 Primo,
1442 2333 1497 2404 ut,

434 2452 501 2515 sire
517 2449 713 2534 generaliter
728 2449 923 2534 majoribus,
941 2453 1008 2517 sive
1023 2452 1205 2538 specialiter
1221 2453 1271 2518 rel
1285 2427 1501 2538 singulariter

432 2576 620 2662 quibusque
635 2576 821 2643 minoribus
834 2576 1075 2656 recedentibus,
1094 2581 1186 2644 omni
1206 2589 1351 2664 tempore
1366 2590 1398 2644 et
1414 2579 1497 2646 mul·

433 2702 575 2769 titudine
595 2722 757 2787 congrua,
780 2705 935 2788 sineque
960 2703 1198 2770 rationabiliter
1218 2715 1250 2770 et
1273 2704 1411 2771 honeste
1429 2724 1501 2773 csse

435 2849 501 2895 non
517 2838 642 2915 posset,
659 2849 787 2915 semper
805 2840 888 2895 esset
905 2839 1058 2895 ornatum
1080 2796 1238 2916 palatium
1252 2841 1285 2897 et
1301 2832 1502 2897 consiliariis

436 2956 610 3042 condignis
630 2977 799 3043 nunquam
818 2957 1007 3023 destitutum
1026 2960 1151 3026 luisset.
1175 2959 1234 3039 ut,
1254 2969 1291 3025 ut
1307 2957 1502 3043 qualiscun-

436 3107 500 3173 que
514 3085 634 3171 legatio
645 3083 671 3163 ³,
689 3087 758 3151 siro
775 3085 983 3170 speculandi,
1001 3089 1069 3153 sire
1083 3088 1181 3153 etiam
1198 3083 1360 3153 subdendi
1377 3087 1499 3170 matio,

438 3218 580 3294 reniret,
596 3214 737 3299 qualiter
749 3233 864 3280 omnes
875 3213 1008 3300 quidem
1019 3214 1157 3282 honeste
1170 3216 1293 3300 suscipi
1305 3215 1500 3300 potuissent.

440 3343 567 3411 Deinde
581 3345 708 3429 primus
726 3342 857 3408 consilii
872 3341 1120 3422 rectitudinem,
1138 3341 1301 3408 secundus
1317 3341 1503 3406 misericor·

440 3469 503 3537 dim
526 3479 558 3536 et
579 3470 793 3555 benignitatis
815 3469 1088 3550 consolationem,
1114 3471 1231 3534 tertius
1254 3488 1331 3535 vero
1353 3469 1504 3534 versutiae

441 3617 499 3664 seu
520 3599 711 3664 temeritatis
729 3616 836 3663 sermo
858 3597 991 3664 referret
1013 3596 1222 3663 medicinam.
1244 3597 1285 3661 Et
1305 3605 1344 3661 ut
1365 3616 1402 3662 ex
1420 3615 1503 3682 qua·

441 3744 571 3811 cunque
588 3734 679 3811 parte
700 3725 801 3789 totius
818 3726 910 3810 regni
928 3726 1128 3810 quicumque
1148 3721 1330 3801 desolatus,
1353 3722 1504 3804 orbatus,

442 3852 551 3918 alieno
577 3871 640 3919 rere
665 3871 856 3936 oppressus,
882 3852 1005 3938 injuste
1029 3851 1197 3917 calumnia
1221 3849 1383 3934 cujusque
1402 3815 1505 3917 sudo-

443 3987 552 4057 catus,
576 3996 633 4044 seu
650 3988 762 4044 cetera
782 3976 836 4043 his
856 3978 993 4054 similia,
1013 3996 1085 4062 qum
1104 3994 1195 4041 nunc
1216 3993 1409 4041 enumerare
1429 3993 1506 4060 pcr-

483 4268 508 4321 t.
528 4265 618 4335 voye:
636 4263 775 4336 pluebant
795 4279 842 4319 sur
855 4262 895 4321 les
916 4261 1029 4321 efficiere
1046 4260 1238 4335 rpdcialenrent
1258 4258 1371 4334 charges
1387 4258 1424 4317 du
1446 4261 1506 4319 eoin

447 4336 497 4394 des
507 4336 617 4406 elneus,
630 4334 655 4391 le
667 4336 787 4408 etrapitro
799 4334 883 4393 XVll.
