3398 5580
854 460 1032 522 ..70-

413 603 596 687 gubernare
612 611 643 667 et
663 608 847 666 sustentare
870 598 993 683 absque
1012 606 1161 682 peccato,
1190 596 1306 684 rapina
1327 593 1477 660 videlicet

414 717 463 781 vel
481 716 567 780 lurto
585 723 725 800 poterat,
744 712 888 778 studiose
906 710 1026 777 babere
1048 707 1276 795 procurabat¹.
1299 708 1476 806 lnquibus

414 832 536 895 scilicet
563 829 782 894 denominatis
811 827 1001 904 ordinibus,
1035 825 1157 909 absque
1184 824 1237 889 his
1263 827 1321 908 qui
1348 842 1475 908 semper
1544 906 1546 910 ι

414 943 522 1009 eundo
549 954 581 1007 et
604 942 771 1009 redeundo
799 942 957 1027 palatium
983 937 1248 1024 frequentabunt,
1276 947 1351 1003 erat*
1370 937 1476 1004 delec-

415 1056 528 1133 tabile,
543 1054 630 1140 quod
646 1054 814 1121 interdum
832 1065 864 1120 et
880 1053 1082 1129 necessitati,
1100 1053 1128 1116 si
1146 1058 1278 1134 repente
1291 1053 1474 1136 ingrueret,

414 1189 541 1253 semper
557 1169 756 1247 sufficerent3
773 1177 928 1233 ettamen
943 1185 1083 1250 semper,
1102 1174 1140 1228 ut
1155 1162 1277 1229 dicium
1292 1174 1358 1242 est,
1372 1163 1477 1249 major

288 1348 301 1374 ,
414 1302 488 1367 pars
512 1279 669 1347 illorum²
694 1293 828 1366 propter
851 1276 1004 1364 superius
1031 1286 1300 1381 commemoratas
1326 1277 1477 1361 benigni·

315 1418 318 1423 ·
353 1385 355 1389 ¹
415 1405 513 1473 tates,
546 1415 621 1460 cum
648 1396 857 1481 jucunditate
883 1405 916 1460 et
944 1394 1112 1458 hilaritate
1138 1403 1288 1477 prompta
1317 1403 1349 1458 et
1377 1393 1476 1486 alacri

415 1521 524 1576 mente
540 1512 762 1595 persisterent.

883 1786 1007 1852 XXIX.

460 2061 609 2128 Secunda
625 2062 743 2128 divisio
760 2074 824 2142 est,
844 2082 909 2147 qua
927 2064 1025 2127 totius
1047 2063 1139 2146 regni
1158 2049 1277 2140 status,
1296 2064 1479 2148 anteposito

417 2188 513 2252 sicuti
539 2206 666 2270 semper
691 2198 723 2254 et
752 2186 952 2270 ubicumque
981 2165 1216 2271 omnipotentis
1246 2187 1308 2251 Dei
1334 2184 1477 2271 judicio,

416 2318 577 2392 quantum
610 2309 651 2373 ad
679 2308 862 2373 humanam
894 2311 1055 2374 rationem
1084 2308 1268 2393 pertinebat
1296 2309 1481 2375 conservari

417 2431 585 2497 videbatur
602 2432 671 2498 haec
688 2443 746 2498 est.
767 2432 978 2498 Consuetudo
999 2442 1110 2498 autem
1130 2442 1208 2498 tunc
1228 2435 1383 2518 temporis
1405 2431 1481 2497 talis
1527 2463 1531 2469 ·

280 2619 301 2633 κ
416 2541 485 2619 erat
501 2565 538 2619 ut
556 2574 623 2620 non
639 2558 760 2641 saepius
777 2554 833 2620 sed
851 2554 904 2620 bis
923 2558 958 2619 in
975 2575 1064 2620 anno
1086 2553 1226 2641 placita³
1248 2554 1312 2620 duo
1329 2566 1479 2621 teneren-

417 2820 528 2892 ddsigne
544 2839 580 2877 un
599 2824 730 2879 servitenr
745 2840 797 2879 uon
814 2823 882 2879 libre
900 2824 973 2894 (ch
989 2825 1215 2895 Alamannorum,
1234 2827 1270 2897 ll,
1289 2827 1404 2894 lXXXl,
1421 2825 1436 2898 i
1454 2828 1482 2896 3,

418 2894 503 2961 Perta,
519 2894 608 2962 Leqea,
621 2901 641 2949 t.
657 2895 705 2960 lll,
720 2911 745 2966 p.
762 2895 820 2964 73).
842 2896 893 2949 les
905 2897 974 2951 cossi
992 2897 1176 2967 apparuissent
1195 2912 1293 2953 encore
1311 2911 1416 2954 cornme
1434 2896 1482 2953 des

417 2962 676 3019 serviteursdansia
697 2965 811 3020 termule
826 2967 860 3019 ti
882 2964 918 3020 du
942 2965 1008 3020 lirre
1031 2965 1107 3022 ilde
1128 2967 1264 3023 llarculle.
1286 2968 1323 3024 Le
1341 2972 1427 3024 teram
1447 2966 1482 3024 de

417 3047 506 3088 erasus
526 3033 627 3089 serublc
647 3035 810 3106 s'appliquer
833 3050 866 3089 au
886 3046 927 3090 ra·
946 3036 1027 3090 siecle
1048 3038 1064 3090 d
1086 3042 1145 3090 tout
1163 3037 1271 3093 horume
1285 3037 1330 3110 qui
1342 3037 1483 3110 s'acquitte

418 3102 480 3156 rl'uu
499 3104 601 3158 service
621 3119 717 3160 envers
738 3106 762 3160 le
778 3105 828 3160 roi.
848 3105 923 3160 aliosi
941 3121 976 3160 on
997 3104 1028 3159 lit
1046 3121 1080 3160 au
1101 3106 1178 3177 chap.
1203 3111 1219 3161 2
1243 3107 1306 3162 d‘un
1327 3107 1482 3179 capitulaire

417 3172 555 3228 ‹l'entiron
577 3177 628 3229 020
650 3197 656 3229 :
683 3196 694 3223 ι
718 3176 755 3230 Dc
774 3174 899 3246 dispensa
920 3173 1039 3231 fidelium
1058 3181 1224 3238 nostrorum,
1245 3177 1301 3232 site
1313 3178 1410 3248 carris,
1426 3179 1482 3234 sire

418 3244 555 3312 sagmariis
639 3249 691 3303 tom
714 3259 803 3301 corant
825 3246 870 3315 qui
889 3245 962 3301 nobie
982 3245 1086 3300 assidue
1099 3246 1127 3301 in
1142 3246 1243 3317 palatio
1261 3247 1452 3305 deservient...
1466 3270 1481 3298 ι

420 3313 568 3382 (Borctius,
588 3312 763 3385 Capitulum,
788 3325 818 3369 n·
837 3317 898 3382 tta,
919 3322 938 3369 t.
961 3315 984 3383 l,
1006 3331 1032 3387 p.
1056 3317 1128 3385 290),
1149 3321 1177 3371 et
1195 3331 1227 3371 au
1247 3317 1366 3389 chapitre
1384 3320 1400 3374 l
1418 3318 1482 3374 d'un

419 3382 571 3452 capitulaire
584 3383 618 3438 de
631 3388 677 3439 art
692 3407 722 3439 :-
733 3386 770 3440 De
784 3385 866 3440 naaria
878 3387 977 3440 nostrie
990 3386 1035 3458 qui
1043 3384 1076 3441 ad
1086 3400 1201 3441 marcam
1215 3392 1332 3442 nostram
1344 3389 1482 3445 constituti

419 3458 482 3507 sunt
494 3452 696 3509 custodiendam
710 3461 756 3509 aut
771 3456 798 3509 in
818 3455 976 3528 longinquis
997 3456 1152 3538 regionibus
1170 3471 1217 3511 sua
1232 3456 1330 3512 liabent
1344 3458 1483 3527 bcuellcia,
1544 3464 1550 3472 '

420 3521 460 3576 rel
474 3537 522 3603 res·
536 3524 669 3647 proprias,
682 3523 724 3579 nel
736 3526 816 3581 etiam
827 3525 900 3581 nobie
911 3526 1015 3580 coritae
1028 3540 1056 3580 tn
1072 3525 1174 3607 putatio
1187 3529 1277 3608 analeo
1294 3529 1453 3584 serviunt...
1469 3547 1483 3580 ι

421 3592 566 3662 (Borctrus,
598 3593 661 3657 tid..
675 3605 705 3648 n⁰
718 3597 778 3658 tto,
791 3600 811 3649 t.
827 3596 847 3660 l,
863 3611 889 3666 p.
904 3595 978 3665 301.)
992 3596 1032 3651 Un
1045 3596 1200 3667 capitulano
1210 3597 1324 3653 attribue
1335 3612 1384 3669 par
1407 3601 1484 3654 Perta

420 3665 508 3727 0027,
521 3669 620 3733 porte:
647 3684 659 3713 α
684 3665 758 3721 l'assi
777 3678 885 3736 quoque
901 3670 929 3719 et
944 3665 1048 3720 vassalli
1072 3667 1155 3721 nostri
1179 3666 1256 3721 nobis
1279 3667 1449 3725 famulantes.
1465 3689 1480 3717 ι

421 3729 460 3801 (C.
477 3735 521 3799 rt,
546 3732 631 3799 Pcrtz,
651 3734 741 3804 Lepet,
769 3739 789 3787 t.
815 3735 837 3797 l,
863 3749 888 3815 p.
911 3736 985 3800 295.)
1004 3764 1040 3774 -
1061 3735 1246 3807 L'expression
1264 3738 1418 3793 amolietur
1439 3742 1483 3794 est

420 3801 558 3872 employde
573 3817 639 3872 pour
652 3803 675 3857 la
687 3805 820 3928 premiere
836 3804 886 3860 lois
900 3804 996 3877 parles
1007 3805 1266 3872 AnnalesdeLorsh,
1280 3809 1372 3864 ebibi
1394 3807 1484 3887 quand

420 3870 487 3925 elles
517 3878 671 3950 rapportcnt
708 3879 767 3929 acte
791 3874 825 3929 de
847 3876 1006 3931 sountission
1043 3873 1080 3930 du
1112 3873 1166 3930 duc
1191 3875 1311 3930 Tassilon
1338 3879 1353 3931 t
1376 3850 1482 3949 lepis:

424 3941 507 3995 cilex
530 3943 657 4011 Prppinus
678 3944 765 3999 tenuit
779 3943 906 4015 placitum
927 3960 1006 3999 suum
1027 3945 1055 4000 in
1078 3943 1243 4016 compendio
1268 3959 1330 4001 rum
1355 3945 1483 4012 Francis,

422 4010 511 4081 ibique
525 4011 626 4066 Tassilo
640 4014 723 4093 uenit,
737 4012 792 4068 dux
806 4014 1001 4084 baioariorum,
1015 4016 1042 4070 in
1061 4017 1189 4072 amarrico
1209 4029 1237 4070 se
1249 4016 1428 4073 commendant
1436 4030 1487 4099 per

422 4093 522 4145 norm,
538 4085 809 4152 sacramentaturatit
822 4085 938 4140 multa...
953 4090 980 4140 et
994 4084 1151 4140 lidclitatern
1163 4085 1285 4158 promisit
1302 4088 1358 4158 regi
1373 4087 1486 4158 Pipprno

423 4149 493 4203 sicut
505 4165 594 4206 craesus
605 4157 674 4206 recta
690 4158 780 4208 mente
792 4159 820 4209 et
838 4153 913 4209 lirina
928 4153 1071 4210 devotione
1089 4169 1139 4226 per
1150 4154 1297 4226 justitiam,
1311 4158 1381 4211 sicut
1393 4170 1486 4213 ramus

424 4217 547 4275 dominos
567 4235 630 4276 suos
650 4237 709 4278 csso
732 4222 852 4279 deberet.
879 4244 892 4274 ι
919 4223 1040 4292 (Anticlea
1056 4225 1247 4290 Mammam,
1262 4240 1288 4280 a.
1307 4228 1368 4282 707.
1391 4228 1484 4295 Perta,

424 4287 564 4361 Serimon,
577 4294 597 4346 t.
608 4290 630 4360 l,
643 4306 669 4363 p.
686 4293 759 4364 tto.)

344 4427 347 4432 ,
462 4373 487 4425 t.
506 4371 716 4428 ltusaeusdonnc
726 4373 915 4447 procurabant.
