<?xml version="1.0" encoding="UTF-8"?>
<!DOCTYPE html PUBLIC "-//W3C//DTD XHTML 1.0 Transitional//EN"
    "http://www.w3.org/TR/xhtml1/DTD/xhtml1-transitional.dtd">
<html xmlns="http://www.w3.org/1999/xhtml" xml:lang="en" lang="en">
 <head>
  <title>
</title>
<meta http-equiv="Content-Type" content="text/html;charset=utf-8" />
  <meta name='ocr-system' content='tesseract 3.04.00' />
  <meta name='ocr-capabilities' content='ocr_page ocr_carea ocr_par ocr_line ocrx_word'/>
</head>
<body>
  <div class='ocr_page' id='page_1' title='image "./hincmardeordine00adalgoog_0066.png"; bbox 0 0 3398 5580; ppageno 0'>
   <div class='ocr_carea' id='block_1_1' title="bbox 250 421 1369 775">
    <p class='ocr_par' dir='ltr' id='par_1_1' title="bbox 250 421 1369 775">
     <span class='ocr_line' id='line_1_1' title="bbox 698 421 874 496; baseline -0.017 -21"><span class='ocrx_word' id='word_1_1' title='bbox 698 459 743 475; x_wconf 93' lang='lat'><strong>..</strong></span> <span class='ocrx_word' id='word_1_2' title='bbox 769 421 808 496; x_wconf 62' lang='grc' dir='ltr'><strong>ιι</strong></span> <span class='ocrx_word' id='word_1_3' title='bbox 830 457 874 472; x_wconf 91' lang='grc'><strong>..</strong></span> 
     </span>
     <span class='ocr_line' id='line_1_2' title="bbox 250 561 1369 655; baseline -0.009 -21"><span class='ocrx_word' id='word_1_4' title='bbox 250 576 408 655; x_wconf 86' lang='lat' dir='ltr'><strong>pretatur.</strong></span> <span class='ocrx_word' id='word_1_5' title='bbox 429 568 538 646; x_wconf 82' lang='lat' dir='ltr'>Quare</span> <span class='ocrx_word' id='word_1_6' title='bbox 557 583 632 633; x_wconf 80' lang='lat' dir='ltr'><strong>reto</strong></span> <span class='ocrx_word' id='word_1_7' title='bbox 649 563 832 652; x_wconf 78' lang='lat' dir='ltr'><strong>speculator</strong></span> <span class='ocrx_word' id='word_1_8' title='bbox 847 565 993 650; x_wconf 85' lang='lat' dir='ltr'><strong>ponitur,</strong></span> <span class='ocrx_word' id='word_1_9' title='bbox 1013 572 1046 629; x_wconf 92' lang='lat' dir='ltr'><strong>et</strong></span> <span class='ocrx_word' id='word_1_10' title='bbox 1062 561 1143 650; x_wconf 85' lang='lat' dir='ltr'><strong>quid</strong></span> <span class='ocrx_word' id='word_1_11' title='bbox 1159 583 1180 628; x_wconf 90' lang='lat' dir='ltr'><strong>a</strong></span> <span class='ocrx_word' id='word_1_12' title='bbox 1194 583 1309 649; x_wconf 76' lang='lat' dir='ltr'><strong>specu-</strong></span> <span class='ocrx_word' id='word_1_13' title='bbox 1368 621 1369 624; x_wconf 74' lang='grc'><strong>,</strong></span> 
     </span>
     <span class='ocr_line' id='line_1_3' title="bbox 252 685 1312 775; baseline -0.001 -19"><span class='ocrx_word' id='word_1_14' title='bbox 252 689 353 756; x_wconf 85' lang='lat' dir='ltr'><strong>latore</strong></span> <span class='ocrx_word' id='word_1_15' title='bbox 361 692 549 775; x_wconf 83' lang='lat' dir='ltr'><strong>requiratur</strong></span> <span class='ocrx_word' id='word_1_16' title='bbox 558 689 721 754; x_wconf 88' lang='lat' dir='ltr'><strong>Dominus</strong></span> <span class='ocrx_word' id='word_1_17' title='bbox 729 685 1053 772; x_wconf 85' lang='lat' dir='ltr'><strong>ipsedenudat‚cum</strong></span> <span class='ocrx_word' id='word_1_18' title='bbox 1063 686 1124 751; x_wconf 88' lang='lat' dir='ltr'><strong>suh</strong></span> <span class='ocrx_word' id='word_1_19' title='bbox 1134 687 1312 755; x_wconf 75' lang='lat' dir='ltr'><strong>Ezechielis</strong></span> 
     </span>
    </p>
   </div>
   <div class='ocr_carea' id='block_1_2' title="bbox 254 797 1447 898">
    <p class='ocr_par' dir='ltr' id='par_1_2' title="bbox 254 797 1447 898">
     <span class='ocr_line' id='line_1_4' title="bbox 254 797 1447 898; baseline -0.015 -14"><span class='ocrx_word' id='word_1_20' title='bbox 254 797 419 898; x_wconf 71' lang='lat' dir='ltr'><strong>prophetae</strong></span> <span class='ocrx_word' id='word_1_21' title='bbox 433 830 574 897; x_wconf 86' lang='lat' dir='ltr'><strong>persona</strong></span> <span class='ocrx_word' id='word_1_22' title='bbox 587 813 738 895; x_wconf 86' lang='lat' dir='ltr'><strong>episcopo</strong></span> <span class='ocrx_word' id='word_1_23' title='bbox 754 809 853 875; x_wconf 86' lang='lat' dir='ltr'><strong>officii</strong></span> <span class='ocrx_word' id='word_1_24' title='bbox 869 810 922 873; x_wconf 90' lang='lat' dir='ltr'><strong>sui</strong></span> <span class='ocrx_word' id='word_1_25' title='bbox 938 810 1095 874; x_wconf 86' lang='lat' dir='ltr'><strong>rationem</strong></span> <span class='ocrx_word' id='word_1_26' title='bbox 1113 807 1308 888; x_wconf 81' lang='lat' dir='ltr'><strong>denunciat,</strong></span> <span class='ocrx_word' id='word_1_27' title='bbox 1406 883 1412 893; x_wconf 32' lang='grc' dir='ltr'>Ι</span> <span class='ocrx_word' id='word_1_28' title='bbox 1441 830 1447 837; x_wconf 94' lang='grc'><em>·</em></span> 
     </span>
    </p>
   </div>
   <div class='ocr_carea' id='block_1_3' title="bbox 252 916 1361 1391">
    <p class='ocr_par' dir='ltr' id='par_1_3' title="bbox 252 916 1361 1391">
     <span class='ocr_line' id='line_1_5' title="bbox 252 916 1311 1019; baseline -0.002 -19"><span class='ocrx_word' id='word_1_29' title='bbox 252 916 297 1000; x_wconf 88' lang='lat' dir='ltr'><strong>ita</strong></span> <span class='ocrx_word' id='word_1_30' title='bbox 310 936 467 1019; x_wconf 87' lang='lat' dir='ltr'><strong>inquiens</strong></span> <span class='ocrx_word' id='word_1_31' title='bbox 480 954 490 998; x_wconf 91' lang='lat'><strong>:</strong></span> <span class='ocrx_word' id='word_1_32' title='bbox 507 960 525 995; x_wconf 82' lang='grc' dir='ltr'><strong>ι</strong></span> <span class='ocrx_word' id='word_1_33' title='bbox 538 933 780 1018; x_wconf 79' lang='lat' dir='ltr'>Speculatorem</span> <span class='ocrx_word' id='word_1_34' title='bbox 793 930 869 998; x_wconf 88' lang='lat' dir='ltr'><strong>dedi</strong></span> <span class='ocrx_word' id='word_1_35' title='bbox 883 941 914 998; x_wconf 87' lang='lat' dir='ltr'><strong>te</strong></span> <span class='ocrx_word' id='word_1_36' title='bbox 926 929 1039 997; x_wconf 88' lang='lat' dir='ltr'><strong>domui</strong></span> <span class='ocrx_word' id='word_1_37' title='bbox 1050 931 1149 997; x_wconf 81' lang='lat' dir='ltr'><strong>lsrael</strong></span> <span class='ocrx_word' id='word_1_38' title='bbox 1162 930 1185 999; x_wconf 89' lang='lat'><strong>¹.</strong></span> <span class='ocrx_word' id='word_1_39' title='bbox 1204 957 1222 993; x_wconf 72' lang='grc' dir='ltr'><strong>ι</strong></span> <span class='ocrx_word' id='word_1_40' title='bbox 1235 933 1311 1018; x_wconf 85' lang='lat' dir='ltr'><strong>Spe·</strong></span> 
     </span>
     <span class='ocr_line' id='line_1_6' title="bbox 252 1045 1313 1142; baseline -0.001 -18"><span class='ocrx_word' id='word_1_41' title='bbox 252 1059 407 1125; x_wconf 85' lang='lat' dir='ltr'><strong>culatoris</strong></span> <span class='ocrx_word' id='word_1_42' title='bbox 423 1059 567 1123; x_wconf 86' lang='lat' dir='ltr'><strong>officium</strong></span> <span class='ocrx_word' id='word_1_43' title='bbox 584 1066 649 1135; x_wconf 84' lang='lat' dir='ltr'><strong>est,</strong></span> <span class='ocrx_word' id='word_1_44' title='bbox 666 1066 704 1120; x_wconf 91' lang='lat' dir='ltr'><strong>ut</strong></span> <span class='ocrx_word' id='word_1_45' title='bbox 715 1057 890 1121; x_wconf 84' lang='lat' dir='ltr'><strong>commisso</strong></span> <span class='ocrx_word' id='word_1_46' title='bbox 906 1055 970 1120; x_wconf 86' lang='lat' dir='ltr'><strong>sibi</strong></span> <span class='ocrx_word' id='word_1_47' title='bbox 986 1045 1106 1142; x_wconf 85' lang='lat' dir='ltr'><strong>populo</strong></span> <span class='ocrx_word' id='word_1_48' title='bbox 1119 1055 1265 1142; x_wconf 79' lang='lat' dir='ltr'><strong>exemplo</strong></span> <span class='ocrx_word' id='word_1_49' title='bbox 1280 1066 1313 1123; x_wconf 88' lang='lat' dir='ltr'><strong>et</strong></span> 
     </span>
     <span class='ocr_line' id='line_1_7' title="bbox 253 1179 1314 1267; baseline -0.001 -21"><span class='ocrx_word' id='word_1_50' title='bbox 253 1181 352 1248; x_wconf 86' lang='lat' dir='ltr'><strong>verbo</strong></span> <span class='ocrx_word' id='word_1_51' title='bbox 373 1181 515 1267; x_wconf 73' lang='lat' dir='ltr'><strong>qualiter</strong></span> <span class='ocrx_word' id='word_1_52' title='bbox 535 1182 644 1245; x_wconf 82' lang='lat' dir='ltr'><strong>vivere</strong></span> <span class='ocrx_word' id='word_1_53' title='bbox 661 1179 777 1246; x_wconf 88' lang='lat' dir='ltr'><strong>debeat</strong></span> <span class='ocrx_word' id='word_1_54' title='bbox 797 1180 997 1245; x_wconf 72' lang='lat' dir='ltr'><strong>incessanter</strong></span> <span class='ocrx_word' id='word_1_55' title='bbox 1016 1180 1207 1259; x_wconf 87' lang='lat' dir='ltr'><strong>annuntiet;</strong></span> <span class='ocrx_word' id='word_1_56' title='bbox 1228 1182 1314 1246; x_wconf 88' lang='lat' dir='ltr'><strong>sicut</strong></span> 
     </span>
     <span class='ocr_line' id='line_1_8' title="bbox 254 1285 1361 1391; baseline 0 -23"><span class='ocrx_word' id='word_1_57' title='bbox 254 1305 458 1383; x_wconf 75' lang='lat' dir='ltr'><strong>recenseo,</strong></span> <span class='ocrx_word' id='word_1_58' title='bbox 475 1285 703 1389; x_wconf 73' lang='lat' dir='ltr'><strong>quisequise,</strong></span> <span class='ocrx_word' id='word_1_59' title='bbox 720 1302 968 1380; x_wconf 65' lang='lat' dir='ltr'><strong>tracturiae,</strong></span> <span class='ocrx_word' id='word_1_60' title='bbox 982 1304 1313 1388; x_wconf 56' lang='lat' dir='ltr'><strong>precipientem</strong></span> <span class='ocrx_word' id='word_1_61' title='bbox 1352 1377 1361 1391; x_wconf 76' lang='lat'><em>,</em></span> 
     </span>
    </p>
   </div>
   <div class='ocr_carea' id='block_1_4' title="bbox 252 1421 1311 1510">
    <p class='ocr_par' dir='ltr' id='par_1_4' title="bbox 252 1421 1311 1510">
     <span class='ocr_line' id='line_1_9' title="bbox 252 1421 1311 1510; baseline -0.003 -18"><span class='ocrx_word' id='word_1_62' title='bbox 252 1435 320 1492; x_wconf 87' lang='lat' dir='ltr'><strong>est:</strong></span> <span class='ocrx_word' id='word_1_63' title='bbox 334 1427 444 1505; x_wconf 77' lang='lat' dir='ltr'><strong>«Quae</strong></span> <span class='ocrx_word' id='word_1_64' title='bbox 457 1425 553 1510; x_wconf 84' lang='lat' dir='ltr'><strong>caeprt</strong></span> <span class='ocrx_word' id='word_1_65' title='bbox 564 1425 661 1491; x_wconf 87' lang='lat' dir='ltr'><strong>Jesus</strong></span> <span class='ocrx_word' id='word_1_66' title='bbox 676 1425 779 1490; x_wconf 76' lang='lat' dir='ltr'><strong>lacere</strong></span> <span class='ocrx_word' id='word_1_67' title='bbox 789 1432 821 1489; x_wconf 92' lang='lat' dir='ltr'><strong>et</strong></span> <span class='ocrx_word' id='word_1_68' title='bbox 832 1421 991 1490; x_wconf 83' lang='lat' dir='ltr'><strong>docere²</strong></span> <span class='ocrx_word' id='word_1_69' title='bbox 998 1423 1145 1489; x_wconf 78' lang='lat' dir='ltr'><strong>»litere</strong></span> <span class='ocrx_word' id='word_1_70' title='bbox 1154 1425 1256 1488; x_wconf 84' lang='lat' dir='ltr'><strong>rrtam</strong></span> <span class='ocrx_word' id='word_1_71' title='bbox 1266 1443 1311 1490; x_wconf 82' lang='lat' dir='ltr'><strong>ac</strong></span> 
     </span>
    </p>
   </div>
   <div class='ocr_carea' id='block_1_5' title="bbox 252 1546 1317 1758">
    <p class='ocr_par' dir='ltr' id='par_1_5' title="bbox 252 1546 1317 1758">
     <span class='ocr_line' id='line_1_10' title="bbox 254 1546 1313 1644; baseline -0.002 -30"><span class='ocrx_word' id='word_1_72' title='bbox 254 1569 362 1644; x_wconf 85' lang='lat' dir='ltr'><strong>mores</strong></span> <span class='ocrx_word' id='word_1_73' title='bbox 386 1548 452 1613; x_wconf 88' lang='lat' dir='ltr'><strong>sibi</strong></span> <span class='ocrx_word' id='word_1_74' title='bbox 474 1549 724 1615; x_wconf 85' lang='lat' dir='ltr'><strong>commissorum</strong></span> <span class='ocrx_word' id='word_1_75' title='bbox 743 1547 928 1633; x_wconf 79' lang='lat' dir='ltr'><strong>speculetur</strong></span> <span class='ocrx_word' id='word_1_76' title='bbox 944 1546 1125 1625; x_wconf 83' lang='lat' dir='ltr'><strong>attendere,</strong></span> <span class='ocrx_word' id='word_1_77' title='bbox 1151 1556 1201 1626; x_wconf 82' lang='lat' dir='ltr'><strong>et,</strong></span> <span class='ocrx_word' id='word_1_78' title='bbox 1223 1560 1313 1634; x_wconf 84' lang='lat' dir='ltr'><strong>post-</strong></span> 
     </span>
     <span class='ocr_line' id='line_1_11' title="bbox 252 1661 1317 1758; baseline 0.001 -22"><span class='ocrx_word' id='word_1_79' title='bbox 252 1691 353 1758; x_wconf 84' lang='lat' dir='ltr'><strong>quam</strong></span> <span class='ocrx_word' id='word_1_80' title='bbox 366 1671 557 1753; x_wconf 86' lang='lat' dir='ltr'><strong>attenderit,</strong></span> <span class='ocrx_word' id='word_1_81' title='bbox 582 1690 747 1747; x_wconf 81' lang='lat' dir='ltr'>sermone</span> <span class='ocrx_word' id='word_1_82' title='bbox 764 1672 793 1735; x_wconf 85' lang='lat' dir='ltr'><strong>si</strong></span> <span class='ocrx_word' id='word_1_83' title='bbox 809 1672 942 1756; x_wconf 81' lang='lat' dir='ltr'><strong>poterit,</strong></span> <span class='ocrx_word' id='word_1_84' title='bbox 958 1679 1076 1737; x_wconf 87' lang='lat' dir='ltr'><strong>etactu</strong></span> <span class='ocrx_word' id='word_1_85' title='bbox 1091 1661 1269 1756; x_wconf 78' lang='lat' dir='ltr'><strong>corrigere.</strong></span> <span class='ocrx_word' id='word_1_86' title='bbox 1284 1680 1317 1737; x_wconf 85' lang='lat' dir='ltr'><strong>et</strong></span> 
     </span>
    </p>
   </div>
   <div class='ocr_carea' id='block_1_6' title="bbox 128 1784 1314 1986">
    <p class='ocr_par' dir='ltr' id='par_1_6' title="bbox 128 1784 1314 1986">
     <span class='ocr_line' id='line_1_12' title="bbox 253 1784 1314 1890; baseline -0.001 -29"><span class='ocrx_word' id='word_1_87' title='bbox 253 1797 283 1861; x_wconf 83' lang='lat' dir='ltr'><strong>si</strong></span> <span class='ocrx_word' id='word_1_88' title='bbox 299 1813 365 1861; x_wconf 93' lang='lat' dir='ltr'><strong>non</strong></span> <span class='ocrx_word' id='word_1_89' title='bbox 381 1784 854 1881; x_wconf 81' lang='lat' dir='ltr'><strong>poterit,ju1taevangelicanr</strong></span> <span class='ocrx_word' id='word_1_90' title='bbox 868 1793 1014 1879; x_wconf 83' lang='lat' dir='ltr'><strong>regulam</strong></span> <span class='ocrx_word' id='word_1_91' title='bbox 1033 1794 1190 1861; x_wconf 78' lang='lat' dir='ltr'><strong>scelerum</strong></span> <span class='ocrx_word' id='word_1_92' title='bbox 1204 1813 1314 1890; x_wconf 76' lang='lat' dir='ltr'><strong>opera·</strong></span> 
     </span>
     <span class='ocr_line' id='line_1_13' title="bbox 128 1914 656 1986; baseline -0.004 0"><span class='ocrx_word' id='word_1_93' title='bbox 128 1983 130 1986; x_wconf 20' lang='lat'><strong>⁴</strong></span> <span class='ocrx_word' id='word_1_94' title='bbox 254 1921 321 1984; x_wconf 86' lang='lat' dir='ltr'><strong>rios</strong></span> <span class='ocrx_word' id='word_1_95' title='bbox 341 1916 437 1982; x_wconf 89' lang='lat' dir='ltr'><strong>debet</strong></span> <span class='ocrx_word' id='word_1_96' title='bbox 454 1914 656 1984; x_wconf 72' lang='lat' dir='ltr'><strong>declinare⁸</strong></span> 
     </span>
    </p>
   </div>
   <div class='ocr_carea' id='block_1_7' title="bbox 758 2445 815 2510">
    <p class='ocr_par' dir='ltr' id='par_1_7' title="bbox 758 2445 815 2510">
     <span class='ocr_line' id='line_1_14' title="bbox 758 2445 815 2510; baseline 0.035 -2"><span class='ocrx_word' id='word_1_97' title='bbox 758 2445 815 2510; x_wconf 89' lang='lat' dir='ltr'><strong>Vl.</strong></span> 
     </span>
    </p>
   </div>
   <div class='ocr_carea' id='block_1_8' title="bbox 147 2704 1358 3668">
    <p class='ocr_par' dir='ltr' id='par_1_8' title="bbox 256 2704 1319 3179">
     <span class='ocr_line' id='line_1_15' title="bbox 300 2704 1318 2810; baseline 0.003 -22"><span class='ocrx_word' id='word_1_98' title='bbox 300 2725 342 2788; x_wconf 86' lang='lat' dir='ltr'><strong>Et</strong></span> <span class='ocrx_word' id='word_1_99' title='bbox 355 2704 419 2810; x_wconf 17' lang='lat' dir='ltr'><strong>&#39;rex&#39;</strong></span> <span class='ocrx_word' id='word_1_100' title='bbox 431 2747 449 2782; x_wconf 76' lang='lat' dir='ltr'><strong>e</strong></span> <span class='ocrx_word' id='word_1_101' title='bbox 468 2724 503 2787; x_wconf 91' lang='lat' dir='ltr'><strong>iu</strong></span> <span class='ocrx_word' id='word_1_102' title='bbox 524 2723 698 2807; x_wconf 86' lang='lat' dir='ltr'><strong>semetipso</strong></span> <span class='ocrx_word' id='word_1_103' title='bbox 711 2723 858 2787; x_wconf 84' lang='lat' dir='ltr'><strong>nominis</strong></span> <span class='ocrx_word' id='word_1_104' title='bbox 875 2723 928 2788; x_wconf 87' lang='lat' dir='ltr'><strong>sui</strong></span> <span class='ocrx_word' id='word_1_105' title='bbox 946 2721 1137 2808; x_wconf 81' lang='lat' dir='ltr'><strong>dignitatern</strong></span> <span class='ocrx_word' id='word_1_106' title='bbox 1154 2722 1318 2791; x_wconf 80' lang='lat' dir='ltr'><strong>custodire</strong></span> 
     </span>
     <span class='ocr_line' id='line_1_16' title="bbox 256 2844 1318 2929; baseline 0.002 -18"><span class='ocrx_word' id='word_1_107' title='bbox 256 2844 363 2916; x_wconf 88' lang='lat' dir='ltr'><strong>dehet.</strong></span> <span class='ocrx_word' id='word_1_108' title='bbox 389 2846 520 2912; x_wconf 89' lang='lat' dir='ltr'><strong>Nomen</strong></span> <span class='ocrx_word' id='word_1_109' title='bbox 544 2847 635 2911; x_wconf 90' lang='lat' dir='ltr'><strong>enim</strong></span> <span class='ocrx_word' id='word_1_110' title='bbox 658 2847 746 2929; x_wconf 79' lang='lat' dir='ltr'><strong>regis</strong></span> <span class='ocrx_word' id='word_1_111' title='bbox 767 2844 1030 2912; x_wconf 77' lang='lat' dir='ltr'><strong>intellectualiter</strong></span> <span class='ocrx_word' id='word_1_112' title='bbox 1055 2844 1119 2912; x_wconf 88' lang='lat' dir='ltr'><strong>hoc</strong></span> <span class='ocrx_word' id='word_1_113' title='bbox 1141 2847 1260 2913; x_wconf 87' lang='lat' dir='ltr'><strong>retinet</strong></span> <span class='ocrx_word' id='word_1_114' title='bbox 1281 2857 1318 2913; x_wconf 93' lang='lat' dir='ltr'><strong>ut</strong></span> 
     </span>
     <span class='ocr_line' id='line_1_17' title="bbox 257 2968 1319 3055; baseline 0.004 -21"><span class='ocrx_word' id='word_1_115' title='bbox 257 2969 412 3055; x_wconf 85' lang='lat' dir='ltr'><strong>subjectis</strong></span> <span class='ocrx_word' id='word_1_116' title='bbox 427 2968 585 3034; x_wconf 84' lang='lat' dir='ltr'><strong>omnibus</strong></span> <span class='ocrx_word' id='word_1_117' title='bbox 603 2969 736 3034; x_wconf 86' lang='lat' dir='ltr'><strong>rectoris</strong></span> <span class='ocrx_word' id='word_1_118' title='bbox 759 2968 902 3034; x_wconf 87' lang='lat' dir='ltr'><strong>officium</strong></span> <span class='ocrx_word' id='word_1_119' title='bbox 918 2979 1080 3055; x_wconf 85' lang='lat' dir='ltr'><strong>procuret.</strong></span> <span class='ocrx_word' id='word_1_120' title='bbox 1099 2968 1162 3035; x_wconf 86' lang='lat' dir='ltr'><strong>Sed</strong></span> <span class='ocrx_word' id='word_1_121' title='bbox 1177 2969 1319 3055; x_wconf 84' lang='lat' dir='ltr'><strong>qualiter</strong></span> 
     </span>
     <span class='ocr_line' id='line_1_18' title="bbox 257 3091 1319 3179; baseline 0.002 -21"><span class='ocrx_word' id='word_1_122' title='bbox 257 3091 340 3158; x_wconf 82' lang='lat' dir='ltr'><strong>alios</strong></span> <span class='ocrx_word' id='word_1_123' title='bbox 359 3094 522 3178; x_wconf 77' lang='lat' dir='ltr'><strong>corrigere</strong></span> <span class='ocrx_word' id='word_1_124' title='bbox 543 3093 664 3179; x_wconf 89' lang='lat' dir='ltr'><strong>poterit</strong></span> <span class='ocrx_word' id='word_1_125' title='bbox 681 3093 740 3178; x_wconf 92' lang='lat' dir='ltr'><strong>qui</strong></span> <span class='ocrx_word' id='word_1_126' title='bbox 763 3093 913 3178; x_wconf 85' lang='lat' dir='ltr'><strong>proprios</strong></span> <span class='ocrx_word' id='word_1_127' title='bbox 932 3111 1039 3159; x_wconf 87' lang='lat' dir='ltr'><strong>mores</strong></span> <span class='ocrx_word' id='word_1_128' title='bbox 1060 3112 1101 3158; x_wconf 90' lang='lat' dir='ltr'><strong>ne</strong></span> <span class='ocrx_word' id='word_1_129' title='bbox 1120 3094 1231 3178; x_wconf 90' lang='lat' dir='ltr'><strong>iniqui</strong></span> <span class='ocrx_word' id='word_1_130' title='bbox 1251 3095 1319 3160; x_wconf 88' lang='lat' dir='ltr'><strong>sint</strong></span> 
     </span>
    </p>

    <p class='ocr_par' dir='ltr' id='par_1_9' title="bbox 147 3204 1358 3668">
     <span class='ocr_line' id='line_1_19' title="bbox 176 3204 1321 3300; baseline 0.003 -20"><span class='ocrx_word' id='word_1_131' title='bbox 176 3204 177 3208; x_wconf 28' lang='lat'>¹</span> <span class='ocrx_word' id='word_1_132' title='bbox 259 3233 326 3280; x_wconf 92' lang='lat' dir='ltr'><strong>non</strong></span> <span class='ocrx_word' id='word_1_133' title='bbox 343 3217 501 3300; x_wconf 79' lang='lat' dir='ltr'><strong>corrigit?</strong></span> <span class='ocrx_word' id='word_1_134' title='bbox 525 3216 690 3294; x_wconf 82' lang='lat' dir='ltr'><strong>Quoniam</strong></span> <span class='ocrx_word' id='word_1_135' title='bbox 709 3213 841 3300; x_wconf 87' lang='lat' dir='ltr'><strong>justitia</strong></span> <span class='ocrx_word' id='word_1_136' title='bbox 864 3216 952 3299; x_wconf 64' lang='lat' dir='ltr'><strong>regis</strong></span> <span class='ocrx_word' id='word_1_137' title='bbox 972 3215 1130 3282; x_wconf 83' lang='lat' dir='ltr'><strong>exaltatur</strong></span> <span class='ocrx_word' id='word_1_138' title='bbox 1148 3214 1269 3282; x_wconf 88' lang='lat' dir='ltr'><strong>solium</strong></span> <span class='ocrx_word' id='word_1_139' title='bbox 1288 3226 1321 3283; x_wconf 89' lang='lat' dir='ltr'><strong>et</strong></span> 
     </span>
     <span class='ocr_line' id='line_1_20' title="bbox 153 3335 1319 3423; baseline 0.007 -24"><span class='ocrx_word' id='word_1_140' title='bbox 153 3405 157 3414; x_wconf 57' lang='grc'><strong>,</strong></span> <span class='ocrx_word' id='word_1_141' title='bbox 259 3340 391 3404; x_wconf 84' lang='lat' dir='ltr'><strong>veritate</strong></span> <span class='ocrx_word' id='word_1_142' title='bbox 411 3337 597 3403; x_wconf 83' lang='lat' dir='ltr'><strong>solidantur</strong></span> <span class='ocrx_word' id='word_1_143' title='bbox 618 3336 840 3423; x_wconf 75' lang='lat' dir='ltr'><strong>gubernacula</strong></span> <span class='ocrx_word' id='word_1_144' title='bbox 856 3337 1053 3423; x_wconf 86' lang='lat' dir='ltr'><strong>populorum</strong></span> <span class='ocrx_word' id='word_1_145' title='bbox 1066 3335 1090 3403; x_wconf 79' lang='lat'><strong>⁸.</strong></span> <span class='ocrx_word' id='word_1_146' title='bbox 1109 3362 1127 3399; x_wconf 81' lang='grc' dir='ltr'><strong>ιι</strong></span> <span class='ocrx_word' id='word_1_147' title='bbox 1146 3339 1227 3417; x_wconf 80' lang='lat' dir='ltr'><strong>Quae</strong></span> <span class='ocrx_word' id='word_1_148' title='bbox 1243 3359 1319 3407; x_wconf 83' lang='lat' dir='ltr'><strong>vero</strong></span> 
     </span>
     <span class='ocr_line' id='line_1_21' title="bbox 147 3432 1358 3547; baseline 0.004 -20"><span class='ocrx_word' id='word_1_149' title='bbox 147 3516 148 3519; x_wconf 63' lang='lat'>,</span> <span class='ocrx_word' id='word_1_150' title='bbox 260 3463 303 3527; x_wconf 88' lang='lat' dir='ltr'><strong>sit</strong></span> <span class='ocrx_word' id='word_1_151' title='bbox 314 3462 445 3547; x_wconf 86' lang='lat' dir='ltr'><strong>justitia</strong></span> <span class='ocrx_word' id='word_1_152' title='bbox 459 3462 547 3546; x_wconf 78' lang='lat' dir='ltr'><strong>regis</strong></span> <span class='ocrx_word' id='word_1_153' title='bbox 563 3458 649 3526; x_wconf 86' lang='lat' dir='ltr'><strong>idem</strong></span> <span class='ocrx_word' id='word_1_154' title='bbox 659 3436 772 3526; x_wconf 82' lang='lat' dir='ltr'><strong>beatus</strong></span> <span class='ocrx_word' id='word_1_155' title='bbox 787 3459 974 3546; x_wconf 77' lang='lat' dir='ltr'><strong>Cyprianus</strong></span> <span class='ocrx_word' id='word_1_156' title='bbox 987 3463 1021 3527; x_wconf 89' lang='lat' dir='ltr'><strong>in</strong></span> <span class='ocrx_word' id='word_1_157' title='bbox 1039 3481 1127 3529; x_wconf 91' lang='lat' dir='ltr'><strong>nono</strong></span> <span class='ocrx_word' id='word_1_158' title='bbox 1143 3432 1323 3532; x_wconf 77' lang='lat' dir='ltr'><strong>Abusionis</strong></span> <span class='ocrx_word' id='word_1_159' title='bbox 1352 3516 1358 3522; x_wconf 87' lang='lat'><strong>.</strong></span> 
     </span>
     <span class='ocr_line' id='line_1_22' title="bbox 261 3571 1073 3668; baseline -0.001 -20"><span class='ocrx_word' id='word_1_160' title='bbox 261 3581 384 3668; x_wconf 78' lang='lat' dir='ltr'><strong>gradu⁵</strong></span> <span class='ocrx_word' id='word_1_161' title='bbox 398 3576 675 3650; x_wconf 83' lang='lat' dir='ltr'><strong>sufficientissime</strong></span> <span class='ocrx_word' id='word_1_162' title='bbox 691 3593 862 3648; x_wconf 86' lang='lat' dir='ltr'><strong>monstrat.</strong></span> <span class='ocrx_word' id='word_1_163' title='bbox 1071 3571 1073 3574; x_wconf 56' lang='grc'><strong>’</strong></span> 
     </span>
    </p>
   </div>
   <div class='ocr_carea' id='block_1_9' title="bbox 271 4036 1303 4280">
    <p class='ocr_par' dir='ltr' id='par_1_10' title="bbox 296 4036 1303 4280">
     <span class='ocr_line' id='line_1_23' title="bbox 297 4036 645 4105; baseline 0.015 -16"><span class='ocrx_word' id='word_1_164' title='bbox 297 4041 323 4092; x_wconf 94' lang='lat' dir='ltr'><strong>t</strong></span> <span class='ocrx_word' id='word_1_165' title='bbox 344 4036 458 4105; x_wconf 63' lang='lat' dir='ltr'><strong>Euri„</strong></span> <span class='ocrx_word' id='word_1_166' title='bbox 473 4037 645 4105; x_wconf 38' lang='lat' dir='ltr'><strong>xxxltlffil</strong></span> 
     </span>
     <span class='ocr_line' id='line_1_24' title="bbox 271 4121 498 4190; baseline 0.016 -16.399"><span class='ocrx_word' id='word_1_167' title='bbox 271 4122 324 4178; x_wconf 78' lang='lat'>2</span> <span class='ocrx_word' id='word_1_168' title='bbox 344 4122 423 4190; x_wconf 70' lang='lat' dir='ltr'><strong>Actu,</strong></span> <span class='ocrx_word' id='word_1_169' title='bbox 436 4121 498 4188; x_wconf 70' lang='lat' dir='ltr'><strong>tt.</strong></span> 
     </span>
     <span class='ocr_line' id='line_1_25' title="bbox 297 4170 1303 4280; baseline 0.01 -25.01"><span class='ocrx_word' id='word_1_170' title='bbox 297 4205 359 4258; x_wconf 77' lang='grc'><strong>3.·</strong></span> <span class='ocrx_word' id='word_1_171' title='bbox 377 4162 1038 4277; x_wconf 68' lang='lat' dir='ltr'><strong>Distuliteanreoruuesoperariliniquitatis.</strong></span> <span class='ocrx_word' id='word_1_172' title='bbox 1024 4170 1140 4274; x_wconf 73' lang='lat' dir='ltr'><strong>tice,</strong></span> <span class='ocrx_word' id='word_1_173' title='bbox 1154 4207 1231 4273; x_wconf 73' lang='grc' dir='ltr'><strong>ΧΙΙΙ,</strong></span> <span class='ocrx_word' id='word_1_174' title='bbox 1247 4207 1303 4280; x_wconf 75' lang='lat' dir='ltr'><strong>rt)</strong></span> 
     </span>
    </p>
   </div>
   <div class='ocr_carea' id='block_1_10' title="bbox 263 4284 1323 4466">
    <p class='ocr_par' dir='ltr' id='par_1_11' title="bbox 263 4284 1323 4429">
     <span class='ocr_line' id='line_1_26' title="bbox 299 4284 1323 4355; baseline 0.006 -15"><span class='ocrx_word' id='word_1_175' title='bbox 299 4286 314 4340; x_wconf 80' lang='lat' dir='ltr'><strong>l</strong></span> <span class='ocrx_word' id='word_1_176' title='bbox 346 4285 451 4341; x_wconf 70' lang='lat' dir='ltr'><strong>Exti-ait</strong></span> <span class='ocrx_word' id='word_1_177' title='bbox 475 4284 767 4342; x_wconf 67' lang='lat' dir='ltr'><strong>cunctatione</strong></span> <span class='ocrx_word' id='word_1_178' title='bbox 791 4287 946 4343; x_wconf 74' lang='lat' dir='ltr'><strong>lrnitetler</strong></span> <span class='ocrx_word' id='word_1_179' title='bbox 969 4284 1050 4355; x_wconf 77' lang='lat' dir='ltr'><strong>nius,</strong></span> <span class='ocrx_word' id='word_1_180' title='bbox 1072 4286 1186 4342; x_wconf 73' lang='lat' dir='ltr'><strong>aunone</strong></span> <span class='ocrx_word' id='word_1_181' title='bbox 1209 4289 1225 4341; x_wconf 77' lang='lat' dir='ltr'><strong>t</strong></span> <span class='ocrx_word' id='word_1_182' title='bbox 1251 4290 1323 4350; x_wconf 80' lang='lat' dir='ltr'><strong>saint</strong></span> 
     </span>
     <span class='ocr_line' id='line_1_27' title="bbox 263 4301 1323 4466; baseline 0.008 -57"><span class='ocrx_word' id='word_1_183' title='bbox 263 4352 394 4428; x_wconf 63' lang='lat' dir='ltr'><strong>Cyprium</strong></span> <span class='ocrx_word' id='word_1_184' title='bbox 411 4354 515 4466; x_wconf 72' lang='lat' dir='ltr'><strong>Petrei</strong></span> <span class='ocrx_word' id='word_1_185' title='bbox 530 4353 593 4424; x_wconf 82' lang='lat' dir='ltr'><strong>let,</strong></span> <span class='ocrx_word' id='word_1_186' title='bbox 610 4301 868 4425; x_wconf 65' lang='lat' dir='ltr'><strong>triunculus.</strong></span> <span class='ocrx_word' id='word_1_187' title='bbox 888 4356 1097 4412; x_wconf 77' lang='lat' dir='ltr'><strong>llrnruraratart</strong></span> <span class='ocrx_word' id='word_1_188' title='bbox 1112 4354 1170 4426; x_wconf 81' lang='lat' dir='ltr'><strong>tejt</strong></span> <span class='ocrx_word' id='word_1_189' title='bbox 1185 4358 1323 4429; x_wconf 83' lang='lat' dir='ltr'><strong>reproduit</strong></span> 
     </span>
    </p>
   </div>
   <div class='ocr_carea' id='block_1_11' title="bbox 0 0 1722 5580">
    <p class='ocr_par' dir='ltr' id='par_1_12' title="bbox 0 0 1722 5580">
     <span class='ocr_line' id='line_1_28' title="bbox 0 0 1722 5580; baseline 0 0"><span class='ocrx_word' id='word_1_190' title='bbox 0 0 1722 5580; x_wconf 95' lang='lat' dir='ltr'><strong> </strong></span> 
     </span>
    </p>
   </div>
  </div>
 </body>
</html>
