3398 5580
670 432 675 436 ·
750 448 795 461 -
818 412 859 477 oo
881 447 926 462 -·
1041 497 1043 502 Α

308 556 442 639 longum
470 563 532 633 est,
558 554 699 618 maxime
722 562 830 618 tamen
854 553 894 619 de
916 552 1026 619 riduis
1047 563 1079 617 ct
1100 550 1273 636 orphanis,
1299 560 1365 615 tam
1435 581 1439 590 ·

308 683 472 748 seniorum
487 700 648 765 quamque
666 688 698 745 et
717 679 930 746 mediocrium
946 680 1224 764 uniuscujusque,
1247 697 1365 743 secun·
1440 703 1444 711 ⁴

309 811 387 876 dum
408 828 501 873 suam
522 806 736 892 indigentiam
756 806 805 872 rel
826 808 1036 893 qualitatem,
1058 789 1268 872 dominorum
1291 824 1367 872 voro

311 933 565 1002 miscricordiam
581 943 612 999 et
627 935 780 1018 pietatem
795 952 922 1020 semper
936 933 975 998 ad
990 953 1126 999 manum
1139 931 1290 1008 haberet,
1309 950 1369 1017 per

310 1082 408 1150 quem
432 1060 554 1146 singuli
571 1059 611 1124 ad
631 1062 705 1146 pias
721 1080 818 1126 aures
839 1063 999 1146 principis
1014 1061 1154 1146 perterre
1169 1060 1365 1144 potuissent.

779 1339 901 1424 xxvi

357 1619 528 1698 Similiter,
551 1621 608 1704 qui
632 1628 761 1703 propter
784 1617 949 1682 diutinum
971 1619 1140 1683 servitium·
1161 1616 1255 1701 digni
1277 1626 1371 1682 erant

316 1744 351 1798 ut
364 1734 564 1799 remunerari
582 1732 790 1810 debuissent,
808 1742 840 1798 et
858 1733 948 1797 locus
967 1731 1040 1797 talis
1057 1729 1243 1797 occurrebat
1258 1729 1318 1795 ubi
1333 1751 1372 1797 ex

297 1834 477 1933 ’praedietis
496 1845 721 1931 indigentibus
745 1866 841 1912 nemo
860 1849 932 1912 sine
954 1867 1107 1912 mensura
1128 1845 1369 1924 destitueretur,
1398 1824 1403 1832 ¹

316 1962 466 2027 similiter
481 1960 658 2025 secundum
677 1979 790 2026 eorum
803 1961 993 2046 qualitatem
1013 1961 1052 2026 ad
1070 1961 1261 2027 memoriam
1274 1962 1370 2045 prin·

316 2078 422 2161 cipum
452 2084 689 2151 revocarentur,
723 2093 789 2139 non
822 2085 887 2139 tam
917 2063 1239 2159 ipsis‘urgentibus,
1272 2093 1372 2161 quam

316 2208 443 2266 eorum,
476 2187 515 2253 de
542 2187 663 2274 quibus
697 2188 920 2273 supradictum
959 2197 1007 2254 est
1040 2187 1136 2253 sidem
1166 2198 1198 2253 et
1226 2187 1373 2253 debitum

316 2301 535 2387 exigentibus3
563 2311 598 2364 ut
619 2302 653 2364 in
674 2302 723 2365 eis
743 2300 775 2365 id
795 2301 901 2377 lieret,
926 2304 1031 2386 primo
1049 2301 1280 2389 propterquod
1297 2321 1373 2369 cum

313 2416 439 2501 justitia
455 2426 486 2480 et
507 2415 729 2482 misericordia
750 2417 818 2481 Deo
841 2416 1044 2501 placerent¹;
1067 2416 1186 2484 deinde
1200 2420 1235 2482 in
1255 2418 1375 2484 militia
1430 2425 1434 2431 '

318 2529 584 2595 remanentibus²
613 2532 828 2595 certissimam
859 2529 998 2597 fideliter
1028 2530 1189 2597 seniendi
1219 2530 1317 2597 tidem
1343 2543 1377 2599 et

318 2622 530 2708 constantiam
555 2645 800 2722 ministrarent;
823 2643 942 2710 deinde
962 2656 998 2710 ut
1018 2648 1115 2711 etiam
1137 2645 1234 2730 longe
1258 2647 1376 2731 positis

319 2777 376 2842 per
391 2759 489 2821 totius
502 2759 594 2842 regni
606 2757 767 2822 ambitum
788 2758 933 2822 letitiam
949 2768 981 2823 et
996 2759 1153 2843 gaudium
1171 2759 1376 2848 demonstra·

318 2882 401 2938 rent.
420 2872 461 2936 Et
478 2873 506 2935 si
521 2871 639 2956 aliquis
657 2892 694 2937 ex
715 2872 986 2938 ministerialibus
1000 2873 1049 2939 rel
1065 2873 1263 2940 consiliariis
1280 2872 1376 2940 deoc·

319 2985 429 3064 debat,
448 2986 516 3051 loco
530 2986 600 3070 ejus
614 3005 780 3070 congruus
794 2988 933 3052 etutilis
948 2986 1187 3053 restituebatur.
1282 3013 1287 3024 ·

355 3332 378 3380 t.
399 3328 509 3383 litrstuus
521 3325 610 3383 douue
621 3325 749 3399 placeret.

354 3413 381 3466 Ξ.
400 3411 453 3465 lt'es
466 3407 490 3464 la
505 3408 540 3464 sur
550 3408 584 3464 de
595 3410 846 3483 l’ipoquerornaiue
859 3411 954 3468 militia
965 3411 1115 3483 significor
1125 3411 1240 3480 remica
1252 3411 1377 3477 militare.

320 3481 468 3551 s'urquittrr
487 3480 510 3535 d
513 3496 546 3535 un
564 3483 670 3536 seruire.
694 3482 782 3547 diust,
805 3482 876 3536 saint
896 3484 1028 3553 Angustia
1050 3482 1113 3538 dit:
1136 3504 1150 3531 ι
1172 3482 1220 3538 lllc
1243 3483 1271 3538 io
1290 3481 1380 3540 oisrcio
1416 3551 1420 3554 Α

320 3551 423 3605 comitis
438 3550 540 3606 militat.
558 3571 570 3600 ι
587 3549 661 3632 (cite
674 3552 705 3606 dc
722 3552 797 3621 llice,
813 3551 831 3606 l.
847 3552 879 3618 tt,
894 3569 918 3608 e.
935 3553 992 3623 l'l.)
1006 3551 1053 3608 Tel
1065 3557 1106 3609 est
1118 3567 1216 3608 encore
1228 3552 1255 3609 lo
1268 3552 1379 3610 sensile

321 3621 414 3676 militia
425 3620 492 3675 ilaus
501 3619 627 3691 Grigorre
640 3620 673 3677 de
685 3623 770 3677 lours
784 3646 790 3677 :
805 3639 819 3674 ι
833 3621 957 3690 Quotidie
970 3629 1059 3678 autern
1072 3638 1132 3677 rum
1141 3621 1275 3693 judicibus
1286 3638 1380 3680 causa
1424 3673 1428 3678 .

320 3690 461 3756 distruere,
476 3690 582 3746 militiai
594 3690 733 3747 reculam
743 3706 925 3749 exercere.....
937 3708 990 3749 nou
1002 3692 1131 3748 cessabat.
1146 3714 1158 3743 ι
1174 3693 1253 3763 (ilict.
1267 3694 1381 3764 Frena,

321 3761 338 3815 Ι.
355 3761 425 3829 tttt,
441 3776 464 3814 e.
479 3764 522 3828 39,
534 3760 576 3817 id.
590 3760 706 3830 Guadet‚
718 3766 737 3818 t.
754 3763 789 3831 ll,
806 3777 832 3832 p.
851 3764 921 3825 tls.)
938 3787 950 3811 a
968 3763 1050 3818 llulta
1062 3762 1134 3817 enirn
1148 3763 1204 3818 auri
1217 3765 1378 3847 argentique

320 3830 347 3884 iu
367 3830 445 3898 liujus
464 3831 578 3901 episcopi
601 3836 706 3902 regesto
727 3831 844 3903 pondera
866 3838 928 3887 sunt
952 3838 1066 3905 reperta.
1081 3832 1147 3900 Quae
1169 3839 1259 3888 autent
1280 3833 1315 3889 de
1334 3834 1379 3890 ille

321 3899 464 3971 iniquitatis
478 3899 570 3956 militie
582 3907 667 3965 eruut,
682 3901 815 3972 regalibus
827 3902 959 3958 thesauris
971 3907 1034 3959 sunt
1052 3900 1142 3958 inlata.
1160 3921 1172 3952 ι
1189 3901 1273 3970 (titt
1299 3901 1319 3959 l.
1338 3904 1380 3973 Χ,

320 3986 344 4025 e.
359 3975 402 4040 19,
416 3970 460 4026 erl.
473 3970 585 4038 Gratim,
599 3975 618 4027 t.
636 3972 671 4033 ll,
684 3987 710 4043 p.
725 3972 797 4041 251.)
810 3972 880 4028 Clrez
891 3971 918 4028 le
936 3975 1024 4029 indute
1042 3976 1146 4038 auteur,
1161 3971 1256 4027 militie
1267 3945 1380 4043 destgm
1436 4035 1438 4037 ,

320 4042 389 4095 attssi
412 4041 524 4110 l'argrut
543 4040 628 4110 pagno
647 4044 713 4096 iun
734 4043 837 4098 seruire
856 4043 945 4114 public
965 4067 971 4098 ι
989 4064 1002 4091 ι
1016 4043 1066 4110 Qui
1083 4039 1179 4098 multas
1192 4041 1381 4099 altercationes

247 4123 251 4130 ·
321 4125 381 4165 euru
404 4109 496 4166 relirta
517 4110 587 4165 iltius
607 4109 726 4166 deiunrti
748 4111 898 4184 (episcopi)
927 4112 1051 4169 babuisse
1081 4112 1216 4182 probator,
1243 4126 1277 4168 eo
1307 4111 1380 4184 quod

325 4195 367 4236 res
378 4196 437 4252 ipim
452 4186 571 4251 ternpore
591 4180 737 4251 ltarlrgiseli
759 4183 875 4253 episcopi
888 4183 1009 4238 ecelesia
1029 4181 1098 4237 data
1117 4180 1223 4237 lucrant
1253 4187 1297 4237 tan
1319 4196 1380 4238 uam

325 4251 442 4324 proprias
455 4251 597 4321 retinebat,
609 4249 703 4307 diceus
719 4274 725 4307 :
742 4252 838 4309 liititio
857 4254 915 4309 baec
927 4252 977 4309 luit
990 4253 1038 4310 riri
1057 4250 1119 4308 mei.
1136 4273 1149 4304 ι
1169 4224 1258 4324 libid..
1275 4197 1380 4323 mn,
