3398 5580
870 454 944 518 XX.

426 762 680 852 llpocrisiarius¹
706 760 837 848 quidem
862 759 902 824 de
925 763 1015 825 omni
1040 763 1250 827 ecclesiastica
1272 761 1430 847 religione
1511 775 1512 778 ’

385 883 433 949 vel
448 883 576 957 ordine,
596 898 721 946 necnon
738 881 835 945 etiam
851 876 891 943 de
908 879 1062 944 canonica
1075 878 1126 943 vel
1140 881 1317 944 monastica
1332 878 1429 945 alter·

384 992 541 1074 catidne²,
563 1015 621 1062 seu
638 1012 830 1085 qupcunque
852 992 1008 1077 palatium
1030 989 1163 1058 adibant
1186 1013 1244 1079 pro
1263 991 1431 1060 ecclesias·

385 1115 456 1178 ticis
477 1109 716 1179 necessitatibus
734 1106 985 1174 sollicitudinem
1009 1105 1155 1184 baberet,
1177 1117 1208 1174 et
1226 1129 1263 1174 ea
1283 1081 1430 1175 tantum·

383 1224 499 1294 modo³
522 1225 561 1292 de
582 1227 722 1292 externis
740 1243 849 1308 regem
872 1220 1017 1300 adirent‚
1040 1241 1112 1306 quae
1131 1224 1202 1289 sine
1221 1223 1276 1290 illo
1297 1224 1431 1309 plenius

382 1343 511 1408 deliniri
535 1360 601 1407 nen
621 1342 816 1425 potuissent.
837 1336 1014 1414 Caeterum,
1039 1347 1074 1402 ut
1098 1356 1164 1402 nou
1188 1338 1293 1403 solum
1312 1338 1353 1404 de
1377 1339 1431 1406 his

382 1478 452 1544 quae
464 1455 505 1522 ad
518 1475 573 1522 eos
588 1453 767 1540 specialiter
782 1451 822 1517 de
835 1454 925 1517 omni
942 1463 1132 1518 ornamento
1143 1452 1193 1519 vel
1208 1453 1313 1520 officio
1329 1455 1430 1523 eccle·

383 1573 509 1636 siastico
526 1569 611 1633 inira
622 1567 779 1653 palatium
793 1565 917 1650 agenda
933 1563 1155 1650 pertinebant,
1174 1586 1287 1632 verum
1302 1586 1430 1654 quoque

383 1694 413 1752 et
434 1704 565 1752 omnem
586 1682 838 1749 consolationem
856 1680 1034 1766 spiritalem
1053 1683 1120 1746 sive
1137 1681 1312 1748 eonsilium
1330 1686 1431 1750 totius

382 1802 493 1889 palatii
512 1803 696 1887 quicunque
719 1807 892 1890 quaereret,
915 1795 1001 1882 apud
1017 1817 1107 1878 eum,
1134 1807 1170 1863 ut
1194 1811 1427 1879 recessesunt,

381 1915 517 1981 fideliter
526 1917 703 1991 inveniret,
717 1914 814 1998 etqui
826 1931 891 1977 non
906 1920 1078 1998 quaereret,
1095 1921 1126 1977 et
1140 1922 1248 1979 tamen
1261 1915 1332 1998 ipse
1343 1913 1430 1999 apud

383 2031 524 2116 aliquem
539 2031 753 2095 necessarium
769 2047 839 2093 esse
857 2029 1006 2105 sentiret,
1027 2028 1120 2112 juxta
1133 2048 1278 2112 personae
1290 2028 1430 2114 qualita-
1483 2117 1485 2120 .

314 2202 325 2213 ,
384 2159 463 2224 tem,
487 2155 518 2210 et
539 2164 559 2208 a
577 2163 726 2229 perverso
749 2164 848 2210 sensu
866 2143 915 2208 vel
933 2163 1028 2228 opere
1045 2144 1208 2210 retrabere
1229 2155 1260 2210 et
1280 2126 1324 2210 ad
1344 2147 1430 2211 viam

385 2261 497 2327 salutis
515 2269 700 2326 cenvertere
720 2258 870 2324 studeret.
889 2259 929 2323 Et
944 2268 1056 2323 caetera
1076 2259 1256 2344 spiritualia
1276 2279 1429 2346 quaecun-

383 2396 446 2462 que
466 2375 583 2461 palatio
606 2385 670 2438 tam
692 2374 732 2438 ab
752 2373 879 2440 assidue
898 2373 1163 2441 conversantibus
1183 2395 1345 2462 quamque
1367 2385 1431 2443 eta
1496 2391 1498 2395 ’

384 2490 701 2577 supervenientibus,
727 2492 793 2555 sive
821 2488 998 2555 secundum
1021 2490 1144 2570 Deum,
1164 2493 1232 2556 sive
1251 2488 1431 2557 secundum

383 2605 545 2682 seculum,
562 2613 598 2669 ut
612 2603 857 2689 providerentur
872 2615 903 2670 et
915 2604 1169 2691 praeviderentur
1181 2618 1273 2671 erant
1288 2626 1429 2673 necessa·

384 2723 445 2799 ria,
464 2740 535 2807 quae
550 2739 739 2785 enumcrare
755 2720 890 2805 longum
904 2731 966 2798 est,
983 2720 1024 2785 ad
1039 2722 1108 2806 ejus
1122 2723 1303 2808 specialiter
1317 2742 1427 2788 curam

383 2835 604 2923 pertinebant;
625 2854 692 2899 non
712 2837 756 2899 ita
782 2846 817 2900 ut
835 2835 928 2900 aliter
944 2835 1050 2914 ullus,
1067 2839 1134 2902 sive
1153 2837 1333 2922 palatinus,
1360 2841 1428 2906 sive

384 2960 533 3017 externus
544 2952 790 3035 superveniens,
810 2953 968 3036 sapientia
981 2961 1012 3016 ct
1025 2969 1099 3016 vern
1113 2948 1281 3017 devotione
1294 2973 1353 3037 per
1368 2954 1430 3019 Dei

384 3068 519 3151 gratiam
550 3064 771 3144 illuminatus,
804 3065 867 3131 tale
894 3063 1017 3151 aliquid
1050 3066 1187 3131 minime
1216 3076 1343 3151 agerem
1375 3067 1430 3134 sed
1533 3144 1536 3151 ¹

421 3381 447 3435 t.
467 3377 573 3450 lt'aprbs
586 3377 720 3445 llincrnar,
736 3377 962 3449 l'arclricbapelain
977 3392 1041 3433 occu
1091 3378 1158 3434 dans
1178 3377 1274 3435 l'onlre
1290 3378 1431 3437 ecclesias·

388 3449 460 3521 tique
485 3448 511 3504 le
534 3450 620 3503 neme
641 3464 706 3520 rang
725 3463 777 3521 que
800 3447 825 3504 le
844 3455 931 3503 comte
950 3447 986 3503 du
1010 3448 1092 3521 prais
1120 3448 1188 3505 dans
1215 3449 1310 3506 l'ordre
1331 3450 1430 3524 ialque.

386 3520 511 3575 llincmar
524 3534 645 3590 compare
659 3535 756 3574 encore
773 3518 880 3574 allieurs
898 3534 942 3574 ces
954 3519 1024 3574 deux
1041 3518 1172 3576 officiens·
1195 3519 1338 3577 derivante
1353 3521 1433 3579 bouis

388 3590 412 3646 le
440 3588 563 3649 Germani
584 3604 631 3659 oe,
655 3605 689 3644 en
715 3593 776 3655 858,
802 3604 835 3644 au
861 3604 921 3644 nom
946 3588 994 3646 des
1020 3589 1136 3662 extenues
1161 3563 1210 3647 des
1233 3592 1373 3663 provinces
1398 3593 1432 3650 de

387 3662 477 3718 lteims
490 3658 561 3716 etde
598 3659 714 3727 ouen‚il
733 3660 768 3716 lni
791 3659 917 3716 conseille
935 3660 1034 3716 d'avoir
1052 3664 1147 3732 anpr'es
1164 3661 1199 3718 de
1216 3660 1253 3718 lui
1274 3677 1310 3718 un
1332 3661 1434 3720 ellicier

388 3731 483 3803 charge
497 3730 531 3786 de
545 3730 569 3785 la
580 3729 708 3786 direction
723 3731 771 3787 des
781 3731 887 3786 allaires
900 3729 934 3786 de
949 3730 1049 3802 l'c‘glise
1066 3755 1072 3787 ι
1088 3752 1099 3781 ι
1115 3732 1163 3803 ut,
1184 3732 1206 3788 si
1224 3748 1240 3789 e
1260 3733 1364 3805 iscopus
1385 3750 1434 3807 pro

387 3816 544 3876 quacunque
568 3802 724 3857 necessitate
744 3800 919 3857 ecelesiastica
940 3800 972 3857 ad
996 3816 1041 3856 vos
1060 3801 1205 3888 direnerit2
1225 3748 1258 3859 ad
1275 3818 1355 3885 quem
1369 3819 1434 3862 snm

390 3875 484 3929 virissus
507 3871 610 3939 veniat,
636 3886 786 3945 perquem
812 3887 873 3944 quae
900 3871 1088 3928 rationabiliter
1112 3875 1220 3945 petierit
1242 3874 1374 3942 obtineat,
1403 3875 1430 3931 in

389 3943 485 4016 palatio
497 3946 583 3998 vestro
593 3984 600 4008 ,
612 3944 681 3998 sicut
693 3958 780 3999 comes
794 3943 880 4015 palatii
896 3948 936 3998 est
950 3944 976 3997 in
996 3942 1083 3998 causis
1097 3944 1264 4016 reipublice,
1284 3945 1433 4003 ministerio

389 4013 724 4153 copggrxuprvconlstiiptpm
753 4013 855 4069 habete.
887 4035 899 4062 ι
930 4013 1081 4085 (iliacnart
1109 4014 1208 4088 Opera,
1236 4014 1339 4074 Petrei,
1370 4015 1432 4087 tac,

389 4098 441 4140 vo.
501 4126 508 4139 .
550 4098 620 4140 .co,
673 4125 679 4138 .
1357 4117 1358 4121 =
