3398 5580
857 809 1009 913 XJiXVl.

442 1185 592 1252 Secunda
610 1197 718 1251 nutem
736 1188 819 1284 tutio
836 1187 922 1271 regis
940 1194 1008 1251 erat
1027 1186 1237 1270 interrogatio
1256 1182 1338 1270 quid
1356 1204 1457 1251 unus·

396 1317 535 1400 quisque
550 1335 588 1380 ex
606 1314 664 1379 itta
678 1324 769 1400 parte
784 1316 955 1399 regnique
971 1313 1120 1379 veniebat
1133 1313 1271 1398 dignum
1288 1313 1393 1380 relatu
1407 1312 1458 1379 vel

397 1452 569 1509 retraotutu
583 1462 694 1508 secum
710 1441 872 1522 afferret¹,
888 1444 967 1528 quin
983 1453 1015 1508 et
1031 1441 1094 1508 hoc
1109 1443 1156 1508 eis
1174 1441 1241 1508 non
1256 1443 1364 1509 solum
1381 1461 1457 1528 per·

397 1574 555 1650 missum,
584 1572 819 1638 verumetiam
845 1573 968 1638 arctius
988 1573 1200 1637 commissum
1222 1582 1306 1651 erat,
1333 1583 1371 1637 ut
1396 1570 1459 1638 hoo

398 1702 624 1786 unusquisque
651 1699 890 1766 studiosissime
917 1680 1125 1786 usquedum
1150 1687 1367 1767 reverteretur
1392 1710 1459 1766 tam

397 1833 483 1897 inira
508 1854 607 1918 quarn
631 1846 720 1899 extra
739 1848 877 1919 regnum
901 1836 1117 1919 perquireret,
1141 1834 1273 1921 siquid
1299 1834 1363 1900 tole
1391 1853 1465 1900 non

397 1961 504 2026 solum
518 1981 538 2026 a
556 1965 699 2047 propriis
713 1963 763 2029 vel
780 1965 957 2042 extraneis,
977 1965 1198 2029 verumetiam
1215 1966 1300 2030 sieut
1316 1962 1358 2029 ab
1370 1938 1458 2029 emi·

396 2092 443 2154 cis
461 2091 505 2154 ita
522 2100 554 2155 et
571 2089 613 2154 ub
633 2092 778 2156 inimicis
794 2093 1017 2176 inrestIgaret,
1035 2092 1219 2158 intermissu
1241 2092 1376 2158 interim
1398 2111 1459 2158 neo

397 2237 594 2304 magnopere
613 2219 700 2286 unde
717 2222 812 2285 sciret
823 2221 1021 2305 ‘investigato
1038 2238 1186 2305 persona.
1207 2220 1243 2285 Si
1263 2220 1405 2306 populus
1421 2223 1457 2288 in
1518 2275 1526 2282 .
1583 2281 1586 2284 ,

395 2345 541 2432 qualibet
563 2349 658 2432 regni
676 2358 783 2434 purte,
806 2351 955 2434 regione,
978 2369 1035 2415 seu
1056 2348 1177 2435 ungulo
1198 2349 1361 2436 turbatus,
1385 2370 1459 2436 quae

396 2493 492 2539 causa
507 2475 703 2541 turbationis
716 2488 815 2556 esset,
832 2479 860 2543 si
878 2498 1028 2542 murmur
1040 2448 1154 2565 populi
1171 2477 1389 2564 obstreperet,
1408 2478 1458 2545 rel

397 2602 460 2667 tulo
477 2602 604 2687 aliquid
623 2604 785 2690 inaequnle
803 2614 987 2684 resonaret,
1007 2604 1095 2671 unde
1112 2605 1262 2691 generale
1279 2605 1457 2672 eonsilium

396 2740 531 2796 tractare
551 2715 674 2816 aliquid
701 2736 920 2799 necessarium
938 2743 1037 2813 esset,
1059 2744 1091 2800 et
1110 2742 1223 2800 uetera
1245 2733 1299 2799 his
1319 2735 1455 2800 similia.

398 2858 495 2923 Extra
513 2878 608 2938 voro,
628 2860 658 2925 si
677 2860 786 2945 aliquu
801 2880 882 2946 gons
898 2860 1029 2927 subdita
1043 2861 1216 2940 rebellam,
1234 2861 1283 2928 vel
1304 2862 1458 2929 mitellita

397 2985 551 3065 subdere,
579 2987 770 3054 sinendum
795 2999 878 3055 tecte
902 2989 1041 3056 insidias
1063 2991 1156 3076 regui
1183 2989 1294 3055 moliri
1317 2990 1368 3055 vel
1394 2990 1459 3058 tale
1502 2991 1507 2997 ’

397 3115 520 3201 aliquid
544 3118 624 3183 oriri
644 3118 811 3184 voluisset.
836 3121 873 3184 lu
898 3117 1046 3185 hisvero
1067 3118 1223 3184 omnibus
1244 3137 1458 3205 quecumque

397 3243 532 3310 cuilibet
550 3245 697 3331 periculo
715 3248 944 3325 imminerent,
962 3244 1046 3311 illud
1061 3248 1222 3333 precipue
1239 3245 1456 3332 querebatur,

361 3411 364 3416 -
397 3372 492 3467 eujus
504 3375 553 3468 rei
567 3376 736 3440 occasione
751 3374 829 3474 tolia
843 3375 893 3442 rel
909 3375 987 3441 tolia
1004 3378 1181 3462 orirentur.
1460 3369 1463 3373 ’

435 3747 460 3801 t.
481 3746 657 3803 L’nssembtoe
671 3747 797 3822 genitale
808 3748 874 3807 tritt
887 3765 955 3821 pour
973 3712 999 3806 le
1017 3750 1056 3806 roi
1074 3764 1128 3806 nne
1147 3750 1269 3807 oocesiou
1281 3749 1460 3806 d'entreteuir

398 3832 443 3873 sos
466 3816 601 3901 relations·
614 3833 678 3875 esee
697 3819 736 3875 tes
752 3825 855 3906 eomtos
874 3826 903 3876 et
925 3819 966 3877 tos
983 3820 1117 3894 eroquet,
1136 3827 1166 3878 et
1178 3819 1220 3904 ‘de
1234 3819 1364 3912 proetides
1376 3823 1392 3876 i
1405 3835 1460 3877 uuo

399 3888 1459 4044 ttttttttttttttzttitt-tttttt’ttt‘tttibitibi

400 4051 414 4078 ι
440 4029 532 4107 Breru
558 4031 734 4104 capitulorum
760 4032 857 4105 quibus
882 4031 991 4103 fideles,
1016 4048 1154 4107 episcopos
1181 4038 1210 4114 et
1229 4032 1339 4090 ebbetee
1360 4031 1459 4107 alioqui
