3398 5580
944 461 1119 522 „96-

855 719 857 722 Α
940 752 1122 879 xxxin.

547 1054 625 1118 Post
637 1051 694 1116 illa
709 1070 782 1137 qum
795 1051 830 1115 in
843 1048 967 1135 synodo
980 1048 1066 1135 apud
1083 1051 1280 1134 martyrium
1296 1056 1414 1113 sanetae
1427 1045 1562 1113 ttaaae¹

501 1179 541 1244 de
565 1178 728 1263 maj0rum
752 1177 1041 1244 constitutionibus
1062 1177 1196 1244 collecta
1216 1185 1249 1242 et
1273 1177 1342 1260 regi
1371 1175 1566 1243 Hludouico

503 1325 609 1391 nuper
637 1304 790 1371 defuneto
815 1286 911 1370 luere'
931 1303 1069 1383 directa,
1096 1305 1166 1371 hmc
1191 1305 1232 1370 de
1258 1302 1374 1371 ordine
1400 1303 1514 1388 palatii
1536 1308 1569 1370 et

503 1432 720 1517 dispositione
752 1431 860 1513 regni,
892 1428 985 1495 vobis
1009 1430 1049 1494 ad
1081 1432 1322 1496 institutionem
1353 1429 1451 1494 istius
1473 1431 1568 1514 'regie

505 1561 608 1623 nostri
629 1578 667 1624 ae
691 1558 918 1622 ministrorum
942 1558 1015 1643 ejus
1035 1561 1194 1644 regnique
1214 1559 1421 1643 provisorum
1431 1555 1457 1636 ²,
1485 1557 1569 1622 sieut

505 1688 634 1771 seriptis
650 1696 682 1751 et
700 1683 807 1751 vertis
822 1686 991 1749 seniorum
1006 1684 1124 1764 didici,
1138 1696 1170 1751 et
1185 1687 1256 1770 ipse
1270 1684 1379 1751 adhue
1391 1686 1427 1749 in
1442 1684 1567 1750 adoles·

506 1814 611 1879 oentia
632 1810 807 1889 meandi,
831 1811 944 1877 devote
963 1812 1107 1896 jussioni
1131 1821 1244 1878 restrae
1267 1811 1425 1878 obediens
1448 1809 1567 1878 obtuli.

506 1944 667 2007 Personas
683 1950 792 2006 autem
810 1939 1002 2020 hominum,
1023 1951 1056 2008 et
1071 1961 1230 2008 morosae
1245 1941 1420 2028 qualitates
1437 1940 1569 2006 illorum
1676 1973 1678 1975 ·

504 2088 562 2154 per
575 2087 658 2154 quos
669 2069 697 2132 si
715 2067 824 2153 aliqua
838 2078 916 2132 sunt
929 2069 1071 2153 collapsa
1086 2071 1300 2135 restituantur
1316 2076 1423 2134 restra
1439 2069 1571 2134 solertia

507 2194 705 2282 providebit,
720 2197 876 2280 quoniam
888 2194 928 2261 de
937 2195 990 2262 his
1003 2216 1086 2281 quos
1099 2205 1244 2282 tempore
1257 2195 1371 2261 domni
1383 2194 1570 2261 illudowici
1640 2275 1646 2280 ·
1674 2279 1678 2283 ‚

505 2323 711 2406 imperatoris
734 2320 802 2385 ridi
824 2320 936 2406 palatii
961 2333 1186 2407 procuratores
1209 2331 1241 2389 et
1264 2325 1358 2407 regni
1381 2321 1566 2408 praeleetot,

508 2449 673 2514 neminem
699 2450 765 2513 seio
793 2468 862 2514 esse
885 2451 1118 2534 superstitem:
1143 2451 1209 2516 seio
1239 2458 1348 2526 tamen
1373 2448 1416 2514 de
1431 2438 1571 2513 'illorum

508 2575 677 2642 nobilitate
697 2585 790 2639 natos
808 2593 867 2659 pro
884 2575 1034 2659 patribus
1051 2577 1152 2655 lilios,
1172 2576 1246 2642 lieet
1262 2575 1395 2641 illorum
1412 2593 1518 2641 mores
1535 2593 1574 2641 ao

506 2702 678 2788 qualitates
696 2704 855 2788 ignorem.
874 2703 941 2788 lpsi
958 2724 1032 2770 vero
1052 2715 1227 2790 procurent
1240 2714 1277 2768 ut
1293 2722 1360 2770 non
1385 2704 1454 2769 sint
1468 2703 1571 2769 mori·

509 2831 572 2895 bus
584 2850 622 2897 ao
632 2834 763 2908 virtute,
774 2840 870 2916 atque
882 2850 942 2916 pro
951 2835 1055 2897 aetatis
1065 2834 1248 2918 quantitate
1259 2830 1310 2897 vel
1324 2832 1481 2916 temporis
1492 2850 1572 2916 qua·

509 2960 617 3035 litate,
651 2958 811 3043 sapientia
840 2966 873 3023 et
906 2957 1025 3025 studiis
1055 2959 1152 3025 bouis
1180 2959 1381 3045 degeneres;
1412 2968 1576 3044 quatenus

511 3090 628 3154 merito
652 3097 782 3187 patrum
808 3086 879 3154 lona
906 3098 939 3154 et
965 3089 1070 3154 officia
1097 3089 1288 3174 suppleant,
1318 3099 1350 3154 et
1376 3107 1412 3154 so
1438 3089 1474 3153 in
1502 3089 1576 3173 ipsa

511 3218 718 3304 suppletione
744 3228 836 3283 caute
863 3217 1061 3297 custodiant,
1094 3237 1153 3298 ne,
1181 3228 1218 3284 ut.
1243 3227 1375 3284 sanetus
1398 3218 1575 3303 Gregorius

511 3344 607 3424 dicit,
632 3347 668 3409 in
685 3344 830 3411 eulmine
849 3343 985 3411 honoris
1006 3346 1104 3432 positi
1124 3365 1187 3411 usu
1205 3345 1317 3430 gloria
1333 3311 1573 3431 permutentur,

512 3473 597 3536 sieut
616 3471 710 3550 Saul,
729 3473 787 3556 qui
805 3473 898 3556 prius
916 3474 953 3537 in
972 3471 1130 3540 electione
1147 3472 1285 3538 honoris
1296 3474 1403 3539 extitit
1419 3471 1571 3551 humilis,

512 3608 622 3684 postea
637 3598 803 3685 reprobari
818 3602 938 3665 meruit
953 3610 1084 3686 propter
1096 3600 1271 3668 elationem
1289 3600 1439 3666 tumoris.

551 3949 575 3999 t.
598 3946 684 4017 t’oyez
698 3961 744 4001 sur
757 3944 783 4000 lo
801 3944 904 4002 concile
917 3944 951 4002 de
965 3947 1163 4004 sainte-llaere
1176 3944 1203 4002 le
1215 3945 1336 4018 chapitre
1347 3944 1381 4003 V.
