3398 5580
933 371 1110 461 490..

487 545 635 629 pientes,
656 540 773 605 tandiu
793 541 839 604 ita
862 537 957 604 nullo
978 548 1130 604 extraneo
1149 539 1431 636 appropinquante
1451 535 1556 605 donoc
1671 554 1673 557 ·

489 677 541 724 res
559 654 699 739 singulm
714 654 756 719 ad
773 653 923 719 ellectum
942 652 1104 737 perducire
1121 651 1256 736 gloriosi
1274 652 1433 737 principis
1457 650 1555 717 audi·

439 818 443 824 -
490 772 538 834 tui
555 771 590 833 in
604 769 704 833 sacris
720 769 792 851 ejus
806 765 976 830 obtutibus
991 773 1243 851 exponerentur,
1261 774 1294 829 et
1309 761 1466 850 quicquid
1480 762 1556 830 data

492 905 511 948 a
526 885 596 948 Deo
610 882 771 966 sapientia
785 881 856 964 ejus
868 879 1002 963 eligeret
1015 873 1130 945 omnes
1142 888 1365 963 sequerentur.
1382 878 1463 944 Ecce
1472 880 1559 945 sicut

491 998 531 1064 de
545 1016 630 1075 uno,
646 1000 692 1061 ita
705 995 745 1062 de
763 995 894 1060 duobus
909 994 960 1060 vel
975 1003 1136 1081 quotquot
1149 1002 1259 1060 essent
1274 993 1426 1079 capitulis
1437 988 1565 1077 ageba·

491 1125 556 1193 tur,
588 1133 761 1199 quousque
796 1114 925 1189 omnia,
959 1114 1028 1179 Deo
1057 1115 1250 1190 miserante,
1285 1112 1375 1176 illius
1401 1111 1560 1203 temporis

493 1229 674 1293 necessaria
690 1225 924 1311 expolirentur.
958 1217 967 1274 ἱ
1062 1309 1064 1313 ἢ

956 1533 1096 1598 XXXV.

537 1817 670 1881 Interim
691 1833 768 1880 vero
786 1833 852 1899 quo
869 1813 938 1879 baec
955 1815 991 1878 in
1002 1816 1097 1897 'regis
1115 1813 1263 1878 absentia
1278 1812 1470 1898 agebantur,
1490 1814 1563 1898 ipsc
1657 1822 1660 1827 ’

494 1933 647 2017 princeps
665 1930 800 2014 reliquae
819 1927 1028 1993 multitudini
1042 1931 1078 1993 in
1096 1927 1315 2012 suscipiendis
1330 1926 1560 2008 muneribust,

495 2045 675 2111 salutandis
692 2043 918 2130 proceribus-2
937 2043 1177 2110 confabulando
1191 2045 1300 2109 rarius
1313 2045 1409 2124 visis,
1428 2062 1562 2129 compa·

495 2159 604 2225 tiendo
622 2159 827 2237 senioribus,
847 2159 1085 2244 congaudendo
1100 2158 1310 2245 junioribus,
1332 2169 1364 2224 et
1379 2168 1492 2225 caetera
1509 2160 1565 2227 his

495 2275 618 2340 similia
651 2285 715 2339 tam
748 2275 785 2338 in
813 2272 1017 2358 spiritalibus
1042 2291 1207 2359 quamque
1235 2282 1268 2339 et
1295 2275 1331 2338 in
1363 2272 1566 2340 secularibus

494 2399 669 2474 occupatus
702 2398 771 2454 erat
798 2408 806 2452 :
833 2390 879 2451 ita
904 2397 1013 2452 tamen
1037 2396 1073 2452 ut
1102 2389 1360 2473 quotiescunque
1384 2397 1564 2472 segregato·

496 2523 570 2567 rum
605 2502 759 2567 voluntas
788 2510 889 2577 esset,
921 2500 962 2565 ad
990 2520 1046 2567 eos
1078 2503 1220 2578 veniret,
1253 2500 1405 2566 similiter
1434 2518 1567 2587 quoquo

397 2681 401 2687 .
495 2627 619 2703 quanto
635 2620 739 2704 spatio
764 2615 948 2682 voluissent
964 2618 1105 2683 cumeis
1122 2617 1312 2682 consisteret
1329 2624 1361 2680 ot
1379 2634 1454 2680 eum
1472 2616 1565 2683 omni

503 2949 557 2990 une
577 2933 627 2990 tois
649 2932 772 3004 recligie,
792 2933 846 2990 elle
863 2933 929 2990 c'tait
949 2936 1099 2991 corauliset
1120 2934 1311 3007 l'approbatiou
1330 2932 1367 2990 dn
1386 2931 1500 3006 peuple,
1520 2950 1568 2991 car

501 3005 526 3061 la
549 3004 584 3059 loi
607 3009 648 3060 est
668 3004 733 3059 saite
751 3020 799 3076 par
819 3004 845 3060 lo
867 3009 1075 3062 consentement
1093 3006 1129 3061 du
1160 3005 1248 3077 >euplo
1270 3008 1370 3062 etune
1389 3004 1566 3061 constitution

503 3074 613 3145 ropale3
634 3074 699 3130 c'est
720 3090 756 3130 ran
780 3080 886 3131 contrat
903 3076 1046 3132 interceuu
1064 3082 1141 3132 entre
1165 3091 1182 3131 e
1200 3075 1239 3132 roi
1254 3081 1283 3132 et
1300 3074 1326 3131 le
1345 3073 1441 3147 peupls
1462 3095 1497 3130 ει
1511 3075 1567 3132 Lex

503 3160 638 3201 coriscusu
657 3144 749 3217 populi
769 3145 799 3201 lit
820 3151 849 3201 ct
865 3147 1058 3202 constitutione
1078 3147 1158 3215 repis.
1180 3166 1193 3197 ι
1213 3148 1285 3212 test,
1308 3148 1344 3202 25
1359 3145 1434 3215 inin,
1451 3143 1515 3200 Edit
1532 3143 1568 3201 ds

502 3217 600 3285 Pistes‚
625 3232 649 3271 c.
676 3219 704 3283 o,
728 3217 816 3284 l‘ertz,
840 3217 931 3286 depes
957 3218 1022 3284 tl,
1047 3232 1074 3288 p.
1100 3215 1173 3287 tto.)
1200 3218 1237 3273 Le.
1260 3215 1505 3280 serenaretur,
1528 3213 1569 3273 let

502 3286 608 3341 Saxeus
626 3286 737 3341 salinus
750 3285 904 3342 donnercut
917 3286 977 3342 lcur
995 3286 1125 3343 adlrc'sion
1144 3302 1178 3343 an
1201 3286 1357 3359 capitulairo
1376 3283 1569 3357 specialemeut

501 3355 593 3427 redigo
624 3372 692 3429 pour
721 3355 747 3411 lo
776 3363 991 3426 gotiserocment
1017 3356 1052 3413 de
1081 3357 1140 3413 leur
1171 3373 1236 3429 pays
1266 3380 1273 3412 :
1299 3379 1314 3405 ·
1340 3355 1569 3413 Conuenieatibus

502 3427 529 3482 in
558 3443 642 3482 renum
670 3427 755 3497 Aquis
778 3424 915 3497 palatii...
942 3427 1141 3483 uenerabilibus
1165 3428 1299 3499 episcopis
1317 3431 1347 3484 et
1362 3425 1501 3483 abbatibus
1520 3440 1569 3483 sou
1672 3472 1677 3486 ,

502 3496 623 3553 inlustris
653 3497 720 3552 tir's
751 3496 895 3552 comitibus
899 3539 951 3554 .....
987 3496 1122 3570 sinurlque
1152 3499 1323 3582 congregatis
1356 3495 1509 3553 Senonibus
1533 3495 1570 3553 ds

500 3566 615 3623 dirersis
635 3566 725 3637 pagis,
744 3571 798 3621 tam
816 3566 850 3621 de
862 3567 1039 3624 Westlabalis
1059 3575 1087 3624 et
1104 3569 1227 3639 trigariis
1246 3583 1326 3641 quam
1347 3566 1381 3624 dc
1393 3565 1568 3636 Oostlabalrs,

503 3651 599 3692 onrnes
620 3636 786 3692 eruanimiter
805 3644 1001 3693 consenserunt
1020 3643 1049 3694 et
1067 3638 1270 3710 aptificaverunt
1292 3640 1356 3696 ut...
1379 3658 1394 3687 ο
1415 3637 1566 3708 (Boeotius,

504 3707 686 3778 Cnpitnlnrio,
709 3718 740 3762 n·
763 3710 809 3774 27,
829 3712 849 3761 t.
871 3708 892 3772 l,
915 3723 941 3780 p.
962 3707 1019 3777 tt.)
1041 3709 1082 3764 En
1103 3712 1166 3775 803,
1186 3708 1212 3765 le
1230 3715 1318 3764 comto
1335 3708 1451 3764 Etienns
1471 3704 1502 3764 llt
1519 3707 1570 3764 lias

501 3775 601 3832 decant
624 3776 650 3832 le
675 3775 773 3848 peuple
800 3776 835 3832 de
860 3776 885 3832 la
913 3777 966 3833 cite
990 3778 1025 3835 de
1052 3779 1128 3836 Paris
1152 3778 1192 3835 les
1215 3778 1385 3851 capitulaires
1402 3778 1572 3834 rocemmsnt

503 3847 606 3914 aientes
624 3850 638 3900 t
654 3846 677 3901 la
698 3847 734 3902 lui
752 3845 876 3918 Solique:
896 3853 957 3904 tous
975 3847 1014 3904 les
1030 3848 1126 3905 lidilrs
1138 3849 1354 3920 s'engaglrentt
1372 3848 1412 3904 les
1426 3847 1569 3919 obsonet,

503 3915 544 3971 les
562 3917 684 3984 scabies,
707 3917 747 3972 les
765 3917 898 3989 e'rlques,
918 3918 958 3974 les
975 3918 1072 3984 abbis,
1093 3919 1133 3976 lcs
1151 3925 1254 3976 conitus
1271 3935 1287 3991 t
1306 3921 1467 3991 apposerent
1480 3920 1571 3975 merus

504 3985 577 4042 leurs
590 3988 786 4057 conscriptions
801 4010 807 4041 :
826 4008 838 4036 ι
856 3989 921 4044 llaec
934 3988 1049 4071 capitula
1064 3990 1131 4045 lacta
1146 3992 1209 4045 sunt
1223 3994 1250 4045 et
1263 3991 1418 4060 consignata
1432 3987 1571 4061 Stephano

504 4058 612 4122 comiti,
631 4061 661 4111 ut
681 4056 740 4112 lucc
761 4057 903 4113 manifesta
923 4057 1029 4114 lecisset
1051 4061 1078 4116 iu
1102 4060 1208 4116 euitare
1227 4060 1345 4116 Parisius
1362 4058 1443 4116 mallo
1463 4059 1571 4132 publico

503 4131 531 4181 et
553 4128 609 4199 ipsa
636 4126 727 4198 legere
753 4127 861 4183 recinet
885 4143 975 4184 coram
998 4128 1051 4185 illis
1068 4129 1216 4198 scabineis3
1238 4128 1309 4203 quod
1330 4130 1415 4186 itaet
1436 4129 1510 4186 iecit.
1536 4129 1571 4185 lit

501 4210 597 4253 omnes
621 4197 647 4252 in
675 4212 730 4253 uno
758 4202 956 4254 consenserunt
980 4199 1051 4271 quod
1078 4201 1128 4273 ipsi
1162 4199 1322 4257 voluissent.
1344 4199 1417 4256 omni
1447 4203 1570 4272 temporo

503 4265 645 4323 observare
671 4281 757 4338 usque
790 4267 817 4323 in
842 4274 998 4340 posterum
1033 4270 1115 4326 etiam
1143 4283 1238 4325 omncs
1270 4269 1402 4340 scabinei,
1431 4269 1568 4342 episcopi,

502 4335 622 4409 abbatis,
645 4337 768 4407 comitis,
801 4352 882 4397 manu
917 4340 1028 4414 propria
1060 4338 1336 4399 subterfirmaverunt.
1370 4360 1383 4393 ι
1418 4339 1570 4413 (munus,
