<?xml version="1.0" encoding="UTF-8"?>
<!DOCTYPE html PUBLIC "-//W3C//DTD XHTML 1.0 Transitional//EN"
    "http://www.w3.org/TR/xhtml1/DTD/xhtml1-transitional.dtd">
<html xmlns="http://www.w3.org/1999/xhtml" xml:lang="en" lang="en">
 <head>
  <title>
</title>
<meta http-equiv="Content-Type" content="text/html;charset=utf-8" />
  <meta name='ocr-system' content='tesseract 3.04.00' />
  <meta name='ocr-capabilities' content='ocr_page ocr_carea ocr_par ocr_line ocrx_word'/>
</head>
<body>
  <div class='ocr_page' id='page_1' title='image "./hincmardeordine00adalgoog_0056.png"; bbox 0 0 3398 5580; ppageno 0'>
   <div class='ocr_carea' id='block_1_1' title="bbox 485 816 1320 984">
    <p class='ocr_par' dir='ltr' id='par_1_1' title="bbox 485 816 1320 984">
     <span class='ocr_line' id='line_1_1' title="bbox 485 816 1320 891; baseline 0 -18"><span class='ocrx_word' id='word_1_1' title='bbox 485 864 489 873; x_wconf 95' lang='lat'>.</span> <span class='ocrx_word' id='word_1_2' title='bbox 550 844 565 874; x_wconf 75' lang='grc' dir='ltr'>ι</span> <span class='ocrx_word' id='word_1_3' title='bbox 587 821 650 891; x_wconf 88' lang='lat' dir='ltr'><strong>Quo</strong></span> <span class='ocrx_word' id='word_1_4' title='bbox 664 821 753 878; x_wconf 84' lang='lat' dir='ltr'><strong>semel</strong></span> <span class='ocrx_word' id='word_1_5' title='bbox 767 829 812 878; x_wconf 84' lang='lat' dir='ltr'><strong>est</strong></span> <span class='ocrx_word' id='word_1_6' title='bbox 823 818 935 876; x_wconf 86' lang='lat' dir='ltr'><strong>imbuta</strong></span> <span class='ocrx_word' id='word_1_7' title='bbox 949 835 1049 876; x_wconf 81' lang='lat' dir='ltr'><strong>recena</strong></span> <span class='ocrx_word' id='word_1_8' title='bbox 1063 817 1189 875; x_wconf 76' lang='lat' dir='ltr'><strong>servabit</strong></span> <span class='ocrx_word' id='word_1_9' title='bbox 1201 816 1320 874; x_wconf 83' lang='lat' dir='ltr'><strong>odorem</strong></span> 
     </span>
     <span class='ocr_line' id='line_1_2' title="bbox 638 920 853 984; baseline -0.028 0"><span class='ocrx_word' id='word_1_10' title='bbox 638 927 723 984; x_wconf 76' lang='lat' dir='ltr'><strong>Testa</strong></span> <span class='ocrx_word' id='word_1_11' title='bbox 736 924 788 983; x_wconf 80' lang='lat' dir='ltr'><strong>(liu</strong></span> <span class='ocrx_word' id='word_1_12' title='bbox 803 920 853 983; x_wconf 60' lang='grc' dir='ltr'><strong>’.ι</strong></span> 
     </span>
    </p>
   </div>
   <div class='ocr_carea' id='block_1_2' title="bbox 400 1051 1475 1877">
    <p class='ocr_par' dir='ltr' id='par_1_2' title="bbox 400 1051 1475 1877">
     <span class='ocr_line' id='line_1_3' title="bbox 446 1051 1473 1144; baseline -0.007 -22"><span class='ocrx_word' id='word_1_13' title='bbox 446 1059 484 1122; x_wconf 76' lang='lat' dir='ltr'><strong>lit</strong></span> <span class='ocrx_word' id='word_1_14' title='bbox 500 1053 663 1141; x_wconf 73' lang='lat' dir='ltr'><strong>legimus²</strong></span> <span class='ocrx_word' id='word_1_15' title='bbox 676 1055 841 1140; x_wconf 87' lang='lat' dir='ltr'><strong>quomodo</strong></span> <span class='ocrx_word' id='word_1_16' title='bbox 857 1053 1042 1144; x_wconf 70' lang='lat' dir='ltr'><strong>Alexander</strong></span> <span class='ocrx_word' id='word_1_17' title='bbox 1063 1056 1098 1118; x_wconf 89' lang='lat' dir='ltr'><strong>in</strong></span> <span class='ocrx_word' id='word_1_18' title='bbox 1118 1055 1261 1139; x_wconf 80' lang='lat' dir='ltr'><strong>pueritia</strong></span> <span class='ocrx_word' id='word_1_19' title='bbox 1275 1072 1336 1117; x_wconf 89' lang='lat' dir='ltr'><strong>sua</strong></span> <span class='ocrx_word' id='word_1_20' title='bbox 1357 1051 1473 1116; x_wconf 88' lang='lat' dir='ltr'><strong>habuit</strong></span> 
     </span>
     <span class='ocr_line' id='line_1_4' title="bbox 400 1176 1472 1265; baseline -0.005 -21"><span class='ocrx_word' id='word_1_21' title='bbox 400 1181 550 1265; x_wconf 84' lang='lat' dir='ltr'><strong>bajulum</strong></span> <span class='ocrx_word' id='word_1_22' title='bbox 576 1182 709 1244; x_wconf 90' lang='lat' dir='ltr'><strong>nomine</strong></span> <span class='ocrx_word' id='word_1_23' title='bbox 733 1177 927 1255; x_wconf 80' lang='lat' dir='ltr'><strong>Leonidem,</strong></span> <span class='ocrx_word' id='word_1_24' title='bbox 950 1179 1058 1243; x_wconf 84' lang='lat' dir='ltr'><strong>citatis</strong></span> <span class='ocrx_word' id='word_1_25' title='bbox 1080 1176 1230 1242; x_wconf 80' lang='lat' dir='ltr'><strong>monibus</strong></span> <span class='ocrx_word' id='word_1_26' title='bbox 1250 1186 1284 1241; x_wconf 88' lang='lat' dir='ltr'><strong>et</strong></span> <span class='ocrx_word' id='word_1_27' title='bbox 1301 1177 1472 1260; x_wconf 87' lang='lat' dir='ltr'><strong>inoempo·</strong></span> 
     </span>
     <span class='ocr_line' id='line_1_5' title="bbox 401 1297 1472 1387; baseline -0.006 -20"><span class='ocrx_word' id='word_1_28' title='bbox 401 1305 463 1368; x_wconf 83' lang='lat' dir='ltr'><strong>sito</strong></span> <span class='ocrx_word' id='word_1_29' title='bbox 484 1305 615 1367; x_wconf 84' lang='lat' dir='ltr'>incessu</span> <span class='ocrx_word' id='word_1_30' title='bbox 637 1301 834 1379; x_wconf 71' lang='lat' dir='ltr'><strong>notibilem,</strong></span> <span class='ocrx_word' id='word_1_31' title='bbox 855 1320 929 1385; x_wconf 82' lang='lat' dir='ltr'><strong>quae</strong></span> <span class='ocrx_word' id='word_1_32' title='bbox 949 1319 1043 1387; x_wconf 84' lang='lat' dir='ltr'><strong>puer,</strong></span> <span class='ocrx_word' id='word_1_33' title='bbox 1064 1302 1159 1384; x_wconf 82' lang='lat' dir='ltr'>quasi</span> <span class='ocrx_word' id='word_1_34' title='bbox 1177 1298 1228 1364; x_wconf 91' lang='lat' dir='ltr'><strong>lac</strong></span> <span class='ocrx_word' id='word_1_35' title='bbox 1246 1297 1472 1362; x_wconf 81' lang='lat' dir='ltr'><strong>adulterinum</strong></span> 
     </span>
     <span class='ocr_line' id='line_1_6' title="bbox 401 1421 1473 1512; baseline -0.005 -23"><span class='ocrx_word' id='word_1_36' title='bbox 401 1445 538 1509; x_wconf 82' lang='lat' dir='ltr'><strong>sugens,</strong></span> <span class='ocrx_word' id='word_1_37' title='bbox 555 1424 597 1489; x_wconf 84' lang='lat' dir='ltr'><strong>nb</strong></span> <span class='ocrx_word' id='word_1_38' title='bbox 611 1443 649 1489; x_wconf 91' lang='lat' dir='ltr'><strong>eo</strong></span> <span class='ocrx_word' id='word_1_39' title='bbox 664 1427 819 1512; x_wconf 73' lang='lat' dir='ltr'><strong>sumpsit</strong></span> <span class='ocrx_word' id='word_1_40' title='bbox 836 1423 930 1489; x_wconf 76' lang='lat' dir='ltr'><strong>Unde</strong></span> <span class='ocrx_word' id='word_1_41' title='bbox 945 1425 980 1487; x_wconf 94' lang='lat' dir='ltr'><strong>in</strong></span> <span class='ocrx_word' id='word_1_42' title='bbox 993 1421 1107 1487; x_wconf 83' lang='lat' dir='ltr'><strong>adulta</strong></span> <span class='ocrx_word' id='word_1_43' title='bbox 1119 1433 1211 1487; x_wconf 68' lang='lat' dir='ltr'><strong>{etate</strong></span> <span class='ocrx_word' id='word_1_44' title='bbox 1224 1423 1357 1506; x_wconf 62' lang='lat' dir='ltr'><strong>sepiens</strong></span> <span class='ocrx_word' id='word_1_45' title='bbox 1373 1430 1406 1486; x_wconf 91' lang='lat' dir='ltr'><strong>et</strong></span> <span class='ocrx_word' id='word_1_46' title='bbox 1418 1440 1473 1486; x_wconf 83' lang='lat' dir='ltr'><strong>rex</strong></span> 
     </span>
     <span class='ocr_line' id='line_1_7' title="bbox 401 1543 1475 1631; baseline -0.003 -20"><span class='ocrx_word' id='word_1_47' title='bbox 401 1549 493 1612; x_wconf 74' lang='lat' dir='ltr'><strong>iol-tis</strong></span> <span class='ocrx_word' id='word_1_48' title='bbox 518 1548 663 1631; x_wconf 86' lang='lat' dir='ltr'><strong>seipsum</strong></span> <span class='ocrx_word' id='word_1_49' title='bbox 690 1544 947 1631; x_wconf 75' lang='lat' dir='ltr'><strong>reprehendebat</strong></span> <span class='ocrx_word' id='word_1_50' title='bbox 971 1558 1003 1612; x_wconf 94' lang='lat' dir='ltr'><strong>et</strong></span> <span class='ocrx_word' id='word_1_51' title='bbox 1028 1548 1130 1611; x_wconf 78' lang='lat' dir='ltr'><strong>vitare</strong></span> <span class='ocrx_word' id='word_1_52' title='bbox 1156 1544 1300 1622; x_wconf 79' lang='lat' dir='ltr'><strong>volebat,</strong></span> <span class='ocrx_word' id='word_1_53' title='bbox 1330 1543 1406 1620; x_wconf 86' lang='lat' dir='ltr'><strong>sed,</strong></span> <span class='ocrx_word' id='word_1_54' title='bbox 1437 1552 1475 1608; x_wconf 90' lang='lat' dir='ltr'><strong>ut</strong></span> 
     </span>
     <span class='ocr_line' id='line_1_8' title="bbox 401 1667 1473 1754; baseline -0.001 -21"><span class='ocrx_word' id='word_1_55' title='bbox 401 1670 531 1754; x_wconf 77' lang='lat' dir='ltr'><strong>legitur,</strong></span> <span class='ocrx_word' id='word_1_56' title='bbox 554 1689 629 1733; x_wconf 84' lang='lat' dir='ltr'><strong>omn</strong></span> <span class='ocrx_word' id='word_1_57' title='bbox 651 1671 763 1734; x_wconf 90' lang='lat' dir='ltr'><strong>omnia</strong></span> <span class='ocrx_word' id='word_1_58' title='bbox 781 1689 881 1752; x_wconf 82' lang='lat' dir='ltr'><strong>regna</strong></span> <span class='ocrx_word' id='word_1_59' title='bbox 902 1670 1015 1734; x_wconf 81' lang='lat' dir='ltr'><strong>vicerit</strong></span> <span class='ocrx_word' id='word_1_60' title='bbox 1034 1670 1069 1732; x_wconf 95' lang='lat' dir='ltr'><strong>in</strong></span> <span class='ocrx_word' id='word_1_61' title='bbox 1092 1667 1154 1733; x_wconf 90' lang='lat' dir='ltr'><strong>hoc</strong></span> <span class='ocrx_word' id='word_1_62' title='bbox 1174 1669 1320 1752; x_wconf 81' lang='lat' dir='ltr'><strong>seipsum</strong></span> <span class='ocrx_word' id='word_1_63' title='bbox 1342 1669 1473 1732; x_wconf 78' lang='lat' dir='ltr'><strong>vincere</strong></span> 
     </span>
     <span class='ocr_line' id='line_1_9' title="bbox 404 1794 609 1877; baseline -0.005 -21"><span class='ocrx_word' id='word_1_64' title='bbox 404 1812 469 1858; x_wconf 89' lang='lat' dir='ltr'><strong>non</strong></span> <span class='ocrx_word' id='word_1_65' title='bbox 489 1794 609 1877; x_wconf 87' lang='lat' dir='ltr'><strong>potnit.</strong></span> 
     </span>
    </p>
   </div>
   <div class='ocr_carea' id='block_1_3' title="bbox 403 2645 1516 3878">
    <p class='ocr_par' dir='ltr' id='par_1_3' title="bbox 403 2645 1516 3878">
     <span class='ocr_line' id='line_1_10' title="bbox 448 2645 1474 2734; baseline -0.002 -21"><span class='ocrx_word' id='word_1_66' title='bbox 448 2648 619 2734; x_wconf 84' lang='lat' dir='ltr'><strong>intellegat</strong></span> <span class='ocrx_word' id='word_1_67' title='bbox 635 2650 736 2732; x_wconf 82' lang='lat' dir='ltr'><strong>igitur</strong></span> <span class='ocrx_word' id='word_1_68' title='bbox 750 2648 907 2712; x_wconf 83' lang='lat' dir='ltr'><strong>dominns</strong></span> <span class='ocrx_word' id='word_1_69' title='bbox 925 2668 977 2712; x_wconf 81' lang='lat' dir='ltr'><strong>rex</strong></span> <span class='ocrx_word' id='word_1_70' title='bbox 996 2646 1038 2711; x_wconf 82' lang='lat' dir='ltr'><strong>ad</strong></span> <span class='ocrx_word' id='word_1_71' title='bbox 1058 2645 1147 2731; x_wconf 87' lang='lat' dir='ltr'><strong>quod</strong></span> <span class='ocrx_word' id='word_1_72' title='bbox 1167 2647 1312 2710; x_wconf 89' lang='lat' dir='ltr'><strong>ellicimn</strong></span> <span class='ocrx_word' id='word_1_73' title='bbox 1331 2655 1381 2710; x_wconf 81' lang='lat' dir='ltr'><strong>eet</strong></span> <span class='ocrx_word' id='word_1_74' title='bbox 1396 2663 1474 2731; x_wconf 84' lang='lat' dir='ltr'><strong>pro·</strong></span> 
     </span>
     <span class='ocr_line' id='line_1_11' title="bbox 405 2762 1474 2846; baseline -0.003 -20"><span class='ocrx_word' id='word_1_75' title='bbox 405 2775 529 2841; x_wconf 79' lang='lat' dir='ltr'><strong>vectus,</strong></span> <span class='ocrx_word' id='word_1_76' title='bbox 548 2772 580 2828; x_wconf 92' lang='lat' dir='ltr'><strong>et</strong></span> <span class='ocrx_word' id='word_1_77' title='bbox 593 2763 747 2827; x_wconf 76' lang='lat' dir='ltr'>obaudiat</span> <span class='ocrx_word' id='word_1_78' title='bbox 761 2765 1054 2828; x_wconf 76' lang='lat' dir='ltr'><strong>commonitionem</strong></span> <span class='ocrx_word' id='word_1_79' title='bbox 1070 2772 1167 2846; x_wconf 82' lang='lat' dir='ltr'><strong>atque</strong></span> <span class='ocrx_word' id='word_1_80' title='bbox 1181 2762 1474 2839; x_wconf 81' lang='lat' dir='ltr'><strong>comminationem</strong></span> 
     </span>
     <span class='ocr_line' id='line_1_12' title="bbox 405 2875 1477 2964; baseline -0.002 -22"><span class='ocrx_word' id='word_1_81' title='bbox 405 2878 504 2964; x_wconf 87' lang='lat' dir='ltr'><strong>liegis</strong></span> <span class='ocrx_word' id='word_1_82' title='bbox 527 2897 642 2962; x_wconf 87' lang='lat' dir='ltr'><strong>regum</strong></span> <span class='ocrx_word' id='word_1_83' title='bbox 663 2876 803 2943; x_wconf 87' lang='lat' dir='ltr'><strong>dicentis</strong></span> <span class='ocrx_word' id='word_1_84' title='bbox 830 2879 861 2942; x_wconf 88' lang='lat' dir='ltr'><strong>ei</strong></span> <span class='ocrx_word' id='word_1_85' title='bbox 886 2896 960 2942; x_wconf 89' lang='lat' dir='ltr'><strong>cum</strong></span> <span class='ocrx_word' id='word_1_86' title='bbox 986 2877 1064 2940; x_wconf 83' lang='lat' dir='ltr'><strong>aliis</strong></span> <span class='ocrx_word' id='word_1_87' title='bbox 1089 2875 1248 2960; x_wconf 77' lang='lat' dir='ltr'><strong>regibus:</strong></span> <span class='ocrx_word' id='word_1_88' title='bbox 1277 2899 1294 2935; x_wconf 77' lang='lat' dir='ltr'><strong>n</strong></span> <span class='ocrx_word' id='word_1_89' title='bbox 1323 2876 1364 2939; x_wconf 82' lang='lat' dir='ltr'><strong>lit</strong></span> <span class='ocrx_word' id='word_1_90' title='bbox 1387 2895 1477 2940; x_wconf 89' lang='lat' dir='ltr'><strong>nunc</strong></span> 
     </span>
     <span class='ocr_line' id='line_1_13' title="bbox 404 2976 1473 3077; baseline -0.002 -21"><span class='ocrx_word' id='word_1_91' title='bbox 404 3011 512 3077; x_wconf 80' lang='lat' dir='ltr'><strong>reges,</strong></span> <span class='ocrx_word' id='word_1_92' title='bbox 531 2994 656 3077; x_wconf 89' lang='lat' dir='ltr'><strong>inquit,</strong></span> <span class='ocrx_word' id='word_1_93' title='bbox 676 2992 872 3076; x_wconf 86' lang='lat' dir='ltr'><strong>intellegite,</strong></span> <span class='ocrx_word' id='word_1_94' title='bbox 894 2990 1075 3056; x_wconf 87' lang='lat' dir='ltr'><strong>erudimini</strong></span> <span class='ocrx_word' id='word_1_95' title='bbox 1091 2992 1149 3076; x_wconf 90' lang='lat' dir='ltr'><strong>qui</strong></span> <span class='ocrx_word' id='word_1_96' title='bbox 1164 2989 1323 3075; x_wconf 88' lang='lat' dir='ltr'><strong>judicatis</strong></span> <span class='ocrx_word' id='word_1_97' title='bbox 1341 2976 1473 3054; x_wconf 80' lang='lat' dir='ltr'><strong>teriam.</strong></span> 
     </span>
     <span class='ocr_line' id='line_1_14' title="bbox 405 3105 1474 3171; baseline -0.003 0"><span class='ocrx_word' id='word_1_98' title='bbox 405 3108 530 3171; x_wconf 77' lang='lat' dir='ltr'><strong>semite</strong></span> <span class='ocrx_word' id='word_1_99' title='bbox 560 3106 704 3171; x_wconf 89' lang='lat' dir='ltr'><strong>Domino</strong></span> <span class='ocrx_word' id='word_1_100' title='bbox 729 3107 764 3170; x_wconf 91' lang='lat' dir='ltr'><strong>in</strong></span> <span class='ocrx_word' id='word_1_101' title='bbox 795 3107 912 3171; x_wconf 80' lang='lat' dir='ltr'><strong>timore</strong></span> <span class='ocrx_word' id='word_1_102' title='bbox 937 3114 969 3170; x_wconf 90' lang='lat' dir='ltr'><strong>et</strong></span> <span class='ocrx_word' id='word_1_103' title='bbox 995 3105 1135 3171; x_wconf 82' lang='lat' dir='ltr'><strong>exultate</strong></span> <span class='ocrx_word' id='word_1_104' title='bbox 1163 3106 1295 3170; x_wconf 83' lang='lat' dir='ltr'><strong>eleum</strong></span> <span class='ocrx_word' id='word_1_105' title='bbox 1323 3115 1474 3169; x_wconf 84' lang='lat' dir='ltr'><strong>tremore.</strong></span> 
     </span>
     <span class='ocr_line' id='line_1_15' title="bbox 405 3218 1516 3307; baseline -0.002 -22"><span class='ocrx_word' id='word_1_106' title='bbox 405 3219 652 3307; x_wconf 80' lang='lat' dir='ltr'><strong>lippeehendite</strong></span> <span class='ocrx_word' id='word_1_107' title='bbox 677 3219 885 3304; x_wconf 80' lang='lat' dir='ltr'><strong>disciplinam</strong></span> <span class='ocrx_word' id='word_1_108' title='bbox 911 3240 952 3285; x_wconf 90' lang='lat' dir='ltr'><strong>ne</strong></span> <span class='ocrx_word' id='word_1_109' title='bbox 975 3218 1108 3304; x_wconf 86' lang='lat' dir='ltr'><strong>quando</strong></span> <span class='ocrx_word' id='word_1_110' title='bbox 1131 3221 1291 3285; x_wconf 83' lang='lat' dir='ltr'><strong>irascatur</strong></span> <span class='ocrx_word' id='word_1_111' title='bbox 1312 3221 1478 3285; x_wconf 80' lang='lat' dir='ltr'><strong>Dominus</strong></span> <span class='ocrx_word' id='word_1_112' title='bbox 1511 3244 1516 3248; x_wconf 94' lang='lat'>·</span> 
     </span>
     <span class='ocr_line' id='line_1_16' title="bbox 405 3330 1476 3420; baseline -0.003 -19"><span class='ocrx_word' id='word_1_113' title='bbox 405 3347 436 3401; x_wconf 89' lang='lat' dir='ltr'><strong>et</strong></span> <span class='ocrx_word' id='word_1_114' title='bbox 452 3337 594 3420; x_wconf 80' lang='lat' dir='ltr'><strong>pereatis</strong></span> <span class='ocrx_word' id='word_1_115' title='bbox 608 3334 648 3400; x_wconf 93' lang='lat' dir='ltr'><strong>de</strong></span> <span class='ocrx_word' id='word_1_116' title='bbox 665 3335 717 3397; x_wconf 78' lang='lat' dir='ltr'><strong>cia</strong></span> <span class='ocrx_word' id='word_1_117' title='bbox 724 3335 815 3418; x_wconf 87' lang='lat' dir='ltr'><strong>justa</strong></span> <span class='ocrx_word' id='word_1_118' title='bbox 825 3330 850 3398; x_wconf 78' lang='lat'><strong>³.</strong></span> <span class='ocrx_word' id='word_1_119' title='bbox 867 3358 883 3392; x_wconf 90' lang='lat'>»</span> <span class='ocrx_word' id='word_1_120' title='bbox 902 3334 994 3399; x_wconf 87' lang='lat' dir='ltr'><strong>Sicut</strong></span> <span class='ocrx_word' id='word_1_121' title='bbox 1007 3335 1130 3398; x_wconf 81' lang='lat' dir='ltr'><strong>multos</strong></span> <span class='ocrx_word' id='word_1_122' title='bbox 1144 3333 1231 3399; x_wconf 89' lang='lat' dir='ltr'><strong>hanc</strong></span> <span class='ocrx_word' id='word_1_123' title='bbox 1244 3335 1476 3399; x_wconf 85' lang='lat' dir='ltr'><strong>commonitio-</strong></span> 
     </span>
     <span class='ocr_line' id='line_1_17' title="bbox 407 3446 1475 3534; baseline 0.001 -21"><span class='ocrx_word' id='word_1_124' title='bbox 407 3469 482 3515; x_wconf 85' lang='lat' dir='ltr'><strong>nem</strong></span> <span class='ocrx_word' id='word_1_125' title='bbox 504 3460 536 3515; x_wconf 91' lang='lat' dir='ltr'><strong>et</strong></span> <span class='ocrx_word' id='word_1_126' title='bbox 565 3449 856 3515; x_wconf 88' lang='lat' dir='ltr'><strong>comminationem</strong></span> <span class='ocrx_word' id='word_1_127' title='bbox 891 3447 1100 3533; x_wconf 76' lang='lat' dir='ltr'><strong>neglegentes</strong></span> <span class='ocrx_word' id='word_1_128' title='bbox 1121 3446 1131 3492; x_wconf 78' lang='lat'>⁸</span> <span class='ocrx_word' id='word_1_129' title='bbox 1156 3450 1280 3534; x_wconf 80' lang='lat' dir='ltr'><strong>perisse</strong></span> <span class='ocrx_word' id='word_1_130' title='bbox 1314 3448 1475 3533; x_wconf 80' lang='lat' dir='ltr'><strong>legimus,</strong></span> 
     </span>
     <span class='ocr_line' id='line_1_18' title="bbox 406 3561 1477 3648; baseline -0.001 -19"><span class='ocrx_word' id='word_1_131' title='bbox 406 3563 614 3642; x_wconf 79' lang='lat' dir='ltr'><strong>audivimus,</strong></span> <span class='ocrx_word' id='word_1_132' title='bbox 641 3573 673 3629; x_wconf 87' lang='lat' dir='ltr'><strong>et</strong></span> <span class='ocrx_word' id='word_1_133' title='bbox 696 3565 794 3629; x_wconf 82' lang='lat' dir='ltr'><strong>etiem</strong></span> <span class='ocrx_word' id='word_1_134' title='bbox 822 3574 932 3628; x_wconf 82' lang='lat' dir='ltr'><strong>nostro</strong></span> <span class='ocrx_word' id='word_1_135' title='bbox 956 3573 1100 3648; x_wconf 83' lang='lat' dir='ltr'><strong>tempore</strong></span> <span class='ocrx_word' id='word_1_136' title='bbox 1126 3561 1286 3628; x_wconf 45' lang='lat' dir='ltr'><strong>scimus&amp;</strong></span> <span class='ocrx_word' id='word_1_137' title='bbox 1311 3563 1477 3628; x_wconf 89' lang='lat' dir='ltr'><strong>Obaudiat</strong></span> 
     </span>
     <span class='ocr_line' id='line_1_19' title="bbox 407 3677 1477 3763; baseline 0.001 -20"><span class='ocrx_word' id='word_1_138' title='bbox 407 3680 504 3744; x_wconf 88' lang='lat' dir='ltr'><strong>etiam</strong></span> <span class='ocrx_word' id='word_1_139' title='bbox 526 3687 670 3743; x_wconf 85' lang='lat' dir='ltr'><strong>sanctam</strong></span> <span class='ocrx_word' id='word_1_140' title='bbox 692 3678 895 3762; x_wconf 87' lang='lat' dir='ltr'><strong>Scriptucam</strong></span> <span class='ocrx_word' id='word_1_141' title='bbox 914 3677 977 3742; x_wconf 84' lang='lat' dir='ltr'><strong>sibi</strong></span> <span class='ocrx_word' id='word_1_142' title='bbox 999 3679 1271 3762; x_wconf 73' lang='lat' dir='ltr'><strong>praecipientem:</strong></span> <span class='ocrx_word' id='word_1_143' title='bbox 1297 3702 1314 3738; x_wconf 74' lang='grc' dir='ltr'><strong>α</strong></span> <span class='ocrx_word' id='word_1_144' title='bbox 1340 3678 1477 3763; x_wconf 84' lang='lat' dir='ltr'><strong>Diligite</strong></span> 
     </span>
     <span class='ocr_line' id='line_1_20' title="bbox 403 3790 1478 3878; baseline 0.003 -24"><span class='ocrx_word' id='word_1_145' title='bbox 403 3793 567 3876; x_wconf 87' lang='lat' dir='ltr'><strong>justitiam</strong></span> <span class='ocrx_word' id='word_1_146' title='bbox 581 3793 639 3878; x_wconf 91' lang='lat' dir='ltr'><strong>qui</strong></span> <span class='ocrx_word' id='word_1_147' title='bbox 651 3790 807 3876; x_wconf 77' lang='lat' dir='ltr'><strong>Judicatis</strong></span> <span class='ocrx_word' id='word_1_148' title='bbox 822 3801 953 3857; x_wconf 77' lang='lat' dir='ltr'><strong>teriam.</strong></span> <span class='ocrx_word' id='word_1_149' title='bbox 973 3791 1100 3858; x_wconf 87' lang='lat' dir='ltr'><strong>Sentite</strong></span> <span class='ocrx_word' id='word_1_150' title='bbox 1115 3790 1155 3858; x_wconf 90' lang='lat' dir='ltr'><strong>de</strong></span> <span class='ocrx_word' id='word_1_151' title='bbox 1171 3792 1317 3858; x_wconf 90' lang='lat' dir='ltr'><strong>Domino</strong></span> <span class='ocrx_word' id='word_1_152' title='bbox 1334 3793 1370 3856; x_wconf 90' lang='lat' dir='ltr'><strong>in</strong></span> <span class='ocrx_word' id='word_1_153' title='bbox 1385 3791 1478 3858; x_wconf 90' lang='lat' dir='ltr'><strong>boni·</strong></span> 
     </span>
    </p>
   </div>
   <div class='ocr_carea' id='block_1_4' title="bbox 445 4132 1059 4456">
    <p class='ocr_par' dir='ltr' id='par_1_4' title="bbox 448 4132 990 4207">
     <span class='ocr_line' id='line_1_21' title="bbox 448 4132 990 4207; baseline -0.004 -17"><span class='ocrx_word' id='word_1_154' title='bbox 448 4138 473 4190; x_wconf 81' lang='lat' dir='ltr'><strong>t.</strong></span> <span class='ocrx_word' id='word_1_155' title='bbox 495 4135 610 4201; x_wconf 81' lang='lat' dir='ltr'><strong>limace,</strong></span> <span class='ocrx_word' id='word_1_156' title='bbox 625 4135 722 4207; x_wconf 59' lang='lat' dir='ltr'><strong>fciat,</strong></span> <span class='ocrx_word' id='word_1_157' title='bbox 738 4132 757 4190; x_wconf 93' lang='lat' dir='ltr'><strong>l.</strong></span> <span class='ocrx_word' id='word_1_158' title='bbox 774 4136 796 4201; x_wconf 84' lang='lat' dir='ltr'><strong>l,</strong></span> <span class='ocrx_word' id='word_1_159' title='bbox 811 4149 855 4205; x_wconf 79' lang='lat' dir='ltr'><strong>ep.</strong></span> <span class='ocrx_word' id='word_1_160' title='bbox 871 4138 898 4198; x_wconf 76' lang='lat' dir='ltr'><strong>t.</strong></span> <span class='ocrx_word' id='word_1_161' title='bbox 913 4151 940 4192; x_wconf 72' lang='lat' dir='ltr'><strong>t.</strong></span> <span class='ocrx_word' id='word_1_162' title='bbox 956 4138 990 4191; x_wconf 81' lang='lat' dir='ltr'><strong>en</strong></span> 
     </span>
    </p>

    <p class='ocr_par' dir='ltr' id='par_1_5' title="bbox 445 4217 1007 4289">
     <span class='ocr_line' id='line_1_22' title="bbox 445 4217 1007 4289; baseline 0.005 -17"><span class='ocrx_word' id='word_1_163' title='bbox 445 4222 471 4272; x_wconf 79' lang='lat' dir='ltr'><strong>t.</strong></span> <span class='ocrx_word' id='word_1_164' title='bbox 491 4217 658 4287; x_wconf 60' lang='lat' dir='ltr'><strong>Quintilem</strong></span> <span class='ocrx_word' id='word_1_165' title='bbox 673 4218 854 4283; x_wconf 67' lang='grc' dir='ltr'><strong>ὓε1υ1ἱ1κ1.,</strong></span> <span class='ocrx_word' id='word_1_166' title='bbox 870 4217 889 4275; x_wconf 90' lang='lat' dir='ltr'><strong>l.</strong></span> <span class='ocrx_word' id='word_1_167' title='bbox 905 4219 928 4289; x_wconf 93' lang='lat' dir='ltr'><strong>l,</strong></span> <span class='ocrx_word' id='word_1_168' title='bbox 940 4235 966 4275; x_wconf 83' lang='lat' dir='ltr'><strong>e.</strong></span> <span class='ocrx_word' id='word_1_169' title='bbox 981 4224 1007 4275; x_wconf 85' lang='lat' dir='ltr'><strong>t.</strong></span> 
     </span>
    </p>

    <p class='ocr_par' dir='ltr' id='par_1_6' title="bbox 445 4299 1059 4456">
     <span class='ocr_line' id='line_1_23' title="bbox 445 4299 1059 4370; baseline 0.002 -15"><span class='ocrx_word' id='word_1_170' title='bbox 445 4305 471 4358; x_wconf 78' lang='lat'><strong>³.</strong></span> <span class='ocrx_word' id='word_1_171' title='bbox 491 4301 633 4368; x_wconf 72' lang='lat' dir='ltr'><strong>l&#39;eoanea,</strong></span> <span class='ocrx_word' id='word_1_172' title='bbox 646 4301 680 4370; x_wconf 75' lang='lat' dir='ltr'><strong>ll,</strong></span> <span class='ocrx_word' id='word_1_173' title='bbox 697 4302 791 4357; x_wconf 78' lang='lat' dir='ltr'><strong>itt-lt.</strong></span> <span class='ocrx_word' id='word_1_174' title='bbox 1056 4299 1059 4303; x_wconf 74' lang='grc'>’</span> 
     </span>
     <span class='ocr_line' id='line_1_24' title="bbox 447 4383 924 4456; baseline 0.004 -18"><span class='ocrx_word' id='word_1_175' title='bbox 447 4385 471 4440; x_wconf 81' lang='lat' dir='ltr'><strong>t.</strong></span> <span class='ocrx_word' id='word_1_176' title='bbox 488 4384 599 4440; x_wconf 72' lang='lat' dir='ltr'><strong>linceus</strong></span> <span class='ocrx_word' id='word_1_177' title='bbox 611 4383 734 4456; x_wconf 79' lang='lat' dir='ltr'><strong>iinprime</strong></span> <span class='ocrx_word' id='word_1_178' title='bbox 748 4383 924 4455; x_wconf 59' lang='lat' dir='ltr'><strong>nungentos.</strong></span> 
     </span>
    </p>
   </div>
   <div class='ocr_carea' id='block_1_5' title="bbox 410 4466 1482 4681">
    <p class='ocr_par' dir='ltr' id='par_1_7' title="bbox 410 4466 1482 4681">
     <span class='ocr_line' id='line_1_25' title="bbox 445 4466 1482 4538; baseline 0.004 -17"><span class='ocrx_word' id='word_1_179' title='bbox 445 4470 471 4521; x_wconf 76' lang='grc' dir='ltr'><strong>ὃ.</strong></span> <span class='ocrx_word' id='word_1_180' title='bbox 492 4468 542 4522; x_wconf 82' lang='lat' dir='ltr'><strong>Les</strong></span> <span class='ocrx_word' id='word_1_181' title='bbox 559 4468 776 4538; x_wconf 71' lang='lat' dir='ltr'><strong>contemmcnins</strong></span> <span class='ocrx_word' id='word_1_182' title='bbox 797 4468 970 4538; x_wconf 76' lang='lat' dir='ltr'><strong>regarderent</strong></span> <span class='ocrx_word' id='word_1_183' title='bbox 991 4468 1016 4524; x_wconf 88' lang='lat' dir='ltr'><strong>la</strong></span> <span class='ocrx_word' id='word_1_184' title='bbox 1038 4474 1108 4524; x_wconf 71' lang='lat' dir='ltr'><strong>mont</strong></span> <span class='ocrx_word' id='word_1_185' title='bbox 1126 4466 1161 4524; x_wconf 76' lang='lat' dir='ltr'><strong>cle</strong></span> <span class='ocrx_word' id='word_1_186' title='bbox 1182 4467 1306 4525; x_wconf 80' lang='lat' dir='ltr'><strong>Lotiiaice</strong></span> <span class='ocrx_word' id='word_1_187' title='bbox 1327 4471 1363 4537; x_wconf 84' lang='lat' dir='ltr'><strong>ll,</strong></span> <span class='ocrx_word' id='word_1_188' title='bbox 1385 4468 1482 4526; x_wconf 75' lang='lat' dir='ltr'><strong>cnloco</strong></span> 
     </span>
     <span class='ocr_line' id='line_1_26' title="bbox 410 4537 1482 4609; baseline 0.004 -17"><span class='ocrx_word' id='word_1_189' title='bbox 410 4552 458 4609; x_wconf 79' lang='lat' dir='ltr'><strong>par</strong></span> <span class='ocrx_word' id='word_1_190' title='bbox 471 4553 524 4592; x_wconf 84' lang='lat' dir='ltr'><strong>mm</strong></span> <span class='ocrx_word' id='word_1_191' title='bbox 536 4537 670 4609; x_wconf 73' lang='lat' dir='ltr'><strong>lmicle&#39;niie</strong></span> <span class='ocrx_word' id='word_1_192' title='bbox 683 4538 757 4607; x_wconf 72' lang='lat'><strong>(809,</strong></span> <span class='ocrx_word' id='word_1_193' title='bbox 769 4542 785 4590; x_wconf 80' lang='lat' dir='ltr'><strong>ti</strong></span> <span class='ocrx_word' id='word_1_194' title='bbox 797 4540 889 4608; x_wconf 70' lang='lat' dir='ltr'><strong>nolit),</strong></span> <span class='ocrx_word' id='word_1_195' title='bbox 899 4554 1005 4594; x_wconf 74' lang='lat' dir='ltr'><strong>nonime</strong></span> <span class='ocrx_word' id='word_1_196' title='bbox 1019 4554 1055 4593; x_wconf 90' lang='lat' dir='ltr'><strong>un</strong></span> <span class='ocrx_word' id='word_1_197' title='bbox 1066 4540 1215 4594; x_wconf 79' lang='lat' dir='ltr'><strong>eliitiment</strong></span> <span class='ocrx_word' id='word_1_198' title='bbox 1228 4537 1265 4594; x_wconf 75' lang='lat' dir='ltr'><strong>clu</strong></span> <span class='ocrx_word' id='word_1_199' title='bbox 1279 4540 1346 4609; x_wconf 86' lang='lat' dir='ltr'><strong>eiel;</strong></span> <span class='ocrx_word' id='word_1_200' title='bbox 1358 4541 1482 4597; x_wconf 75' lang='lat' dir='ltr'><strong>Lotbaiee</strong></span> 
     </span>
     <span class='ocr_line' id='line_1_27' title="bbox 410 4604 1481 4681; baseline 0.004 -19"><span class='ocrx_word' id='word_1_201' title='bbox 410 4608 479 4667; x_wconf 72' lang='lat' dir='ltr'><strong>avait</strong></span> <span class='ocrx_word' id='word_1_202' title='bbox 504 4604 615 4678; x_wconf 68' lang='lat' dir='ltr'><strong>nennio</strong></span> <span class='ocrx_word' id='word_1_203' title='bbox 632 4607 783 4678; x_wconf 82' lang='lat' dir='ltr'><strong>Tentlecge</strong></span> <span class='ocrx_word' id='word_1_204' title='bbox 807 4623 875 4681; x_wconf 81' lang='lat' dir='ltr'><strong>pom</strong></span> <span class='ocrx_word' id='word_1_205' title='bbox 894 4609 1010 4680; x_wconf 73' lang='lat' dir='ltr'><strong>lnonsee</strong></span> <span class='ocrx_word' id='word_1_206' title='bbox 1030 4607 1168 4665; x_wconf 74' lang='lat' dir='ltr'><strong>ll&#39;nlrnile.</strong></span> <span class='ocrx_word' id='word_1_207' title='bbox 1195 4609 1264 4665; x_wconf 78' lang='lat' dir='ltr'><strong>,ttais</strong></span> <span class='ocrx_word' id='word_1_208' title='bbox 1286 4610 1424 4678; x_wconf 75' lang='lat' dir='ltr'><strong>iiinemar,</strong></span> <span class='ocrx_word' id='word_1_209' title='bbox 1446 4625 1481 4666; x_wconf 84' lang='lat' dir='ltr'><strong>en</strong></span> 
     </span>
    </p>
   </div>
   <div class='ocr_carea' id='block_1_6' title="bbox 0 0 1709 5580">
    <p class='ocr_par' dir='ltr' id='par_1_8' title="bbox 0 0 1709 5580">
     <span class='ocr_line' id='line_1_28' title="bbox 0 0 1709 5580; baseline 0 0"><span class='ocrx_word' id='word_1_210' title='bbox 0 0 1709 5580; x_wconf 95' lang='lat' dir='ltr'><strong> </strong></span> 
     </span>
    </p>
   </div>
  </div>
 </body>
</html>
