3398 5580
351 1131 389 1196 ln
414 1131 601 1196 memoratis
624 1148 765 1213 namque
790 1131 890 1214 gestis
915 1128 1002 1214 apud
1027 1129 1223 1213 martyrium
1247 1137 1367 1194 sanctas

307 1256 453 1338 Mutat
477 1257 569 1325 etde
592 1256 740 1341 hisquae
763 1255 804 1321 ad
826 1265 946 1322 sancta
970 1256 1122 1322 Eoelesiae
1144 1276 1183 1323 ao
1205 1265 1366 1323 rectorum

306 1385 410 1470 ipsius
421 1385 579 1451 honorem
590 1394 622 1450 ot
639 1385 803 1469 rigorem,
822 1383 904 1450 etde
917 1383 1057 1469 hisquae
1070 1383 1112 1449 ad
1126 1387 1213 1476 regis
1226 1394 1258 1451 et
1274 1387 1368 1470 regni
1404 1355 1411 1362 ⁸

308 1511 503 1576 soliditatem
525 1520 623 1596 atque
643 1530 755 1575 curam
779 1514 961 1595 portinent,
984 1510 1118 1577 necnon
1136 1521 1169 1577 et
1193 1510 1233 1578 de
1250 1511 1369 1578 domus

308 1643 405 1726 regiae
426 1640 659 1725 dispositione,
684 1659 721 1706 ex
745 1638 1009 1705 catholicorum²
1031 1638 1212 1706 secundum
1241 1625 1371 1706 sanota-

308 1788 380 1833 rum
401 1768 643 1853 Scripturarum
663 1769 827 1831 tramitem
848 1766 1191 1853 promulgationibus,
1215 1777 1313 1854 atque
1331 1786 1371 1833 ex

309 1893 562 1960 christianorum
576 1913 690 1978 regum
710 1892 1001 1959 constitutionibus
1018 1913 1076 1979 per
1096 1893 1241 1978 capitula
1260 1893 1369 1960 brevi·

310 2032 369 2100 ter,
384 2041 421 2087 ac
436 2020 609 2088 salubriter
625 2023 654 2086 si
671 2030 846 2086 teneantur
863 2029 895 2084 ot
910 2002 1123 2106 eioquantur,
1141 2020 1276 2087 oolloota
1290 2039 1371 2087 oon·

311 2148 490 2216 tinentur³.
512 2144 770 2214 Verumtamon¹
793 2147 874 2232 quia
895 2146 1140 2226 Samaritanus,
1165 2167 1262 2214 serus
1284 2146 1372 2215 vide·

311 2277 386 2343 lioet
403 2286 511 2343 custos
528 2275 666 2341 humani
688 2277 834 2361 generis,
856 2274 1051 2355 stabulario,
1069 2275 1103 2341 id
1121 2285 1172 2342 est
1192 2277 1373 2362 pontificali

278 2429 282 2436 ·
311 2403 440 2480 ordini,
462 2403 559 2488 eujus
579 2422 664 2469 curae
684 2402 894 2469 vulneratum
916 2420 1081 2488 quemquo
1101 2392 1309 2468 commiserat
1332 2402 1374 2468 ad

313 2530 517 2609 sanandum,
534 2529 617 2596 dans
632 2529 715 2596 duos
729 2528 899 2608 denarios,
919 2516 1023 2597 Vetus
1045 2528 1170 2595 scilieet
1185 2549 1223 2596 ao
1241 2531 1374 2596 Novum

313 2657 576 2735 Testamentum,
600 2655 706 2723 dixit:
736 2682 753 2719 ι
776 2656 870 2735 Quod
894 2659 1190 2742 supererogaveris,
1217 2677 1278 2744 ego
1298 2676 1376 2724 oum

314 2784 439 2851 rediero
452 2784 586 2851 reddam
600 2784 659 2849 tibi
668 2782 693 2862 ⁵,
704 2808 722 2844 »
738 2782 860 2849 eisdem
878 2786 996 2869 gestis,
1011 2784 1102 2850 velut
1116 2804 1153 2850 ox
1168 2803 1377 2871 supereroga-

316 2916 420 2994 tione,
435 2934 509 3000 quae
522 2893 690 2999 praemissa
699 2922 778 2978 sunt
792 2913 828 2976 in
842 2910 906 2978 hoc
917 2912 1093 2998 opusculo,
1109 2922 1142 2978 et
1153 2932 1227 2998 quae
1240 2931 1385 2999 sequen.

317 3052 380 3120 tur,
396 3041 524 3108 adioere
536 3039 661 3107 studeo.

356 3469 381 3520 t.
400 3465 489 3535 voroz
500 3481 547 3521 sur
558 3463 583 3521 le
594 3464 702 3521 concito
713 3463 748 3521 ds
762 3463 954 3521 sainte-itacio
969 3479 1004 3520 ou
1015 3463 1050 3521 do
1064 3464 1168 3521 Fismos
1179 3463 1205 3521 10
1216 3463 1295 3537 chao.
1310 3465 1343 3522 V.

320 3546 608 3675 ‘imitativum
621 3547 663 3604 00
683 3546 740 3603 doit
757 3547 895 3620 peut-etro
916 3547 1036 3619 oorrigsr
1056 3545 1243 3604 cottottoem
1262 3562 1296 3604 0„
1316 3563 1382 3604 m.
