3398 5580
871 451 917 464 ..
938 416 979 480 62
1003 451 1046 463 -

432 563 557 626 intenta
571 567 672 635 esset,
697 569 734 621 ut
753 566 818 621 tam
837 555 1015 640 supradicti
1038 563 1161 620 actores
1179 572 1344 639 quamque
1363 561 1396 619 et
1413 571 1488 618 sus·
1587 556 1591 563 '

432 671 610 761 septeres¹‚
635 690 701 756 quo
726 683 870 756 tempore
890 670 932 735 ad
950 690 1021 747 eos,
1046 669 1106 735 ille
1126 667 1178 733 rel
1201 668 1257 732 ille
1280 669 1317 731 in
1344 665 1414 732 loeo
1434 685 1490 732 rex

433 799 589 855 venturus
618 795 703 852 esset
733 796 865 872 propter
890 786 1102 850 mansionum
1131 783 1421 868 preparationem,
1452 789 1492 844 ut

433 914 591 988 oportuno
610 912 752 985 tempere
774 902 924 986 preeseire
943 901 1146 985 potuissent3
1170 914 1212 962 ne
1230 905 1287 960 aut
1305 893 1384 960 inde
1401 893 1493 961 tarde

434 1021 570 1084 seientes
593 1024 724 1101 propter
745 1015 954 1079 afflictionem
978 1011 1111 1077 familie
1133 1012 1322 1094 importuno
1347 1016 1493 1094 tempore

435 1140 617 1218 peecatum,
635 1139 692 1193 aut
710 1127 763 1207 hi,
783 1139 914 1213 prepter
934 1146 1001 1192 nen
1018 1125 1214 1210 condignam
1235 1125 1491 1208 susceptionem,

392 1291 403 1313 .
435 1265 470 1311 ae
491 1247 520 1311 si
542 1245 625 1311 bone
645 1243 843 1321 noluissent,
866 1262 943 1309 oum
964 1220 1140 1308 eerte'neo
1163 1239 1319 1336 volendo,
1345 1237 1402 1305 sed
1424 1256 1492 1303 non

436 1358 591 1438 valendo,
612 1358 825 1425 offensionem
841 1360 1059 1423 incurrerent.

903 1601 1025 1666 xxlv.

438 1814 450 1829 ⁸
482 1848 641 1913 Similiter
656 1865 787 1932 quoque
807 1856 948 1932 quatuor
966 1858 1134 1914 venatores
1142 1845 1168 1929 ²,
1194 1858 1226 1912 et
1240 1849 1381 1933 quintus
1397 1847 1498 1914 faleo-

440 1959 583 2040 narius³,
614 1981 688 2027 eum
715 1960 828 2027 eadem
859 1964 1095 2038 unanimitate,
1127 1960 1310 2028 seeundum
1342 1963 1499 2048 temporis

438 2076 626 2161 qualitatem
645 2075 820 2143 admonere
840 2074 1032 2153 studebant,
1052 2075 1196 2160 qualiter
1216 2095 1253 2141 ea
1274 2095 1348 2160 qnae
1368 2074 1410 2141 ad
1427 2076 1499 2140 sin·
1570 2136 1574 2145 .

440 2190 591 2275 gulomm
612 2191 870 2255 ministeriorum
891 2209 1003 2254 euram
1024 2188 1233 2274 pertinebant
1254 2198 1292 2253 ut
1314 2197 1501 2274 opportuno

441 2314 583 2388 tempore
603 2313 635 2369 et
655 2322 720 2368 nen
744 2302 835 2368 tarde
850 2303 1133 2369 considerarentur
1143 2299 1167 2380 ⁸,
1191 2300 1325 2387 quande
1347 2303 1429 2366 tanti
1447 2301 1501 2368 vel
1544 2391 1547 2395 Ι

441 2418 571 2503 quande
586 2419 685 2497 tanti,
701 2416 833 2503 qnando
848 2420 906 2483 teti
923 2428 955 2483 et
972 2416 1103 2502 quande
1123 2415 1225 2496 nulli,
1247 2427 1305 2481 aut
1322 2413 1362 2480 in
1379 2416 1502 2501 palatie

443 2536 669 2611 retinerentur,
700 2543 756 2598 aut
784 2551 875 2599 more
903 2531 998 2597 solite
1027 2531 1107 2597 seris
1137 2529 1305 2628 nutriendi
1331 2530 1502 2615 usquead

480 2804 505 2856 1.
525 2802 700 2874 susceptores.
722 2802 850 2857 llinemar
866 2807 909 2858 est
929 2800 955 2858 le
974 2800 1031 2857 seul
1049 2801 1107 2873 qui,
1127 2803 1141 2855 1
1166 2815 1209 2854 ma
1229 2797 1436 2867 retinuissem,
1465 2798 1505 2854 ait

445 2871 566 2944 emptore
580 2888 611 2927 ee
626 2877 720 2928 terme.
735 2872 758 2928 ll
768 2872 881 2941 designo
896 2887 959 2927 saus
969 2870 1050 2927 dente
1062 2887 1097 2927 ou
1111 2871 1171 2926 trion
1182 2868 1230 2924 des
1243 2867 1359 2924 efficiens
1373 2866 1505 2939 speciale-

446 2948 521 2999 meut
533 2942 644 3012 charges
662 2942 696 2997 de
716 2942 740 2997 la
755 2941 891 3013 receptior
912 2941 949 2997 du
961 2943 1014 3004 rei.
1029 2957 1063 2997 eu
1085 2941 1146 2999 trion
1159 2940 1208 2995 des
1221 2937 1377 2994 intendants
1391 2938 1505 3008 elrargds

445 3013 480 3068 de
497 3011 615 3068 roeereir
627 3011 666 3068 les
681 3011 855 3078 rederanees,
870 3017 978 3094 apperte
995 3012 1213 3081 onnonrriture,
1227 3024 1261 3065 en
1277 3007 1416 3079 tourrage,
1437 3013 1504 3080 ete,

446 3083 497 3138 dds
509 3097 556 3154 per
567 3082 606 3138 les
617 3081 709 3137 rolens
721 3081 775 3137 lers
788 3081 836 3137 des
847 3083 939 3139 visites
952 3081 987 3137 du
997 3081 1047 3137 roi.

482 3156 509 3207 t.
531 3153 579 3208 Les
597 3166 712 3207 renones
732 3152 834 3207 etaient
856 3151 983 3234 charges,
1015 3166 1068 3206 oon
1097 3148 1248 3206 seulement
1272 3147 1439 3218 d'erganiser
1465 3146 1507 3204 les

447 3221 571 3286 elrasses,
584 3223 650 3276 mais
663 3236 760 3277 encore
773 3220 1022 3293 d'aqmrorisrermor
1034 3221 1069 3277 de
1081 3222 1167 3292 gibier
1181 3218 1205 3275 le
1220 3218 1290 3275 laide
1305 3217 1395 3274 rorate
1410 3216 1508 3288 (Egin-

448 3290 530 3360 liar-d,
547 3293 603 3347 l'ite
618 3291 723 3359 lioreli,
741 3307 766 3347 e.
788 3294 838 3357 et,
860 3294 937 3348 Portz
961 3292 1104 3363 scriptor„
1119 3298 1138 3345 t.
1154 3292 1193 3360 ll,
1206 3307 1233 3372 p.
1250 3289 1322 3358 leo).
1337 3275 1375 3343 le
1386 3287 1508 3368 etrapitrs

449 3364 482 3417 te
497 3361 532 3417 du
550 3362 708 3431 tapitntaire
728 3362 759 3417 de
781 3361 858 3418 l'ttlts
876 3336 1004 3418 eeotirme
1019 3377 1050 3417 ee
1062 3376 1115 3433 que
1125 3361 1166 3416 det
1180 3362 1213 3415 ier
1229 3361 1364 3439 llinemar„
1379 3360 1393 3413 1
1408 3372 1507 3426 satem

448 3431 528 3503 qu’en
542 3431 704 3501 repartissait
717 3431 756 3486 les
769 3430 884 3487 offleiers
894 3433 929 3488 de
944 3432 1037 3487 etrrsse
1052 3437 1129 3487 eutro
1145 3430 1185 3486 les
1198 3430 1318 3486 direrses
1331 3429 1425 3484 sillae:
1443 3446 1456 3479 ι
1472 3428 1510 3484 Ut

449 3504 588 3557 senatores
603 3507 684 3556 nestri
704 3507 731 3556 et
752 3502 905 3565 latreuarii,
927 3500 969 3557 rel
988 3501 1083 3575 reliqui
1099 3500 1299 3569 ministeriales,
1318 3499 1364 3571 qui
1381 3498 1459 3555 nobis
1479 3497 1508 3555 iu

449 3571 547 3641 palatie
558 3570 667 3626 adsidue
678 3570 859 3641 deservirent,
875 3572 1015 3628 eonsilium
1030 3573 1058 3627 in
1071 3570 1141 3626 villis
1153 3569 1251 3625 nestris
1265 3569 1397 3640 habeant,
1409 3584 1510 3625 monn·

449 3640 513 3694 dum
532 3640 601 3712 qnod
623 3656 672 3695 nos
690 3647 735 3695 ant
755 3642 847 3711 regina
860 3657 908 3713 per
919 3641 1022 3697 litteras
1041 3645 1146 3696 nostras
1161 3639 1336 3709 jusserimus,
1351 3638 1460 3711 quando
1473 3637 1509 3695 ad

449 3711 563 3782 aliquam
578 3711 718 3765 utilitatem
734 3717 851 3766 nostram
866 3727 913 3768 ees
921 3711 1088 3779 miserimus,
1105 3715 1150 3764 aut
1164 3709 1320 3765 siniscalens
1333 3716 1362 3764 et
1375 3708 1510 3765 buticula-

409 3824 411 3827 .
449 3781 505 3834 rins
516 3779 550 3835 de
565 3785 654 3836 nostro
673 3780 754 3835 sertio
770 3782 810 3837 eis
830 3780 929 3854 aliquid
947 3781 1032 3836 tar-ere
1052 3780 1237 3864 praeeperint.
1253 3801 1266 3827 ·
1281 3780 1389 3848 tl‘ortz,
1410 3781 1508 3850 uoce,

450 3855 468 3904 t.
485 3851 507 3917 l,
543 3893 549 3904 .
569 3852 635 3918 1111;
649 3865 728 3904 rerez
742 3850 881 3920 Grremrd,
896 3851 1066 3924 Explicetioe
1084 3850 1119 3905 ds
1132 3847 1246 3921 tepilul.
1266 3848 1299 3905 de
1312 3848 1403 3916 l'illie,
1417 3865 1445 3922 p.
1458 3850 1511 3905 st·

448 3919 504 4000 65.)
521 3865 659 3975 &chasse
676 3906 741 3974 e'tait
756 3919 780 3976 le
793 3921 884 3992 plaisir
898 3921 981 3976 tarori
1005 3920 1040 3976 de
1057 3918 1251 3989 Clearlemaqns
1267 3940 1273 3973 :
1290 3937 1303 3970 ι
1328 3919 1512 3992 Exereeltatur
1553 3984 1558 3994 ¹
1602 3930 1604 3932 ’

445 3988 553 4045 assidue
567 3988 711 4061 equitando
722 4006 753 4044 ae
769 3989 902 4045 sonando.
918 4011 932 4039 a
949 3988 1113 4061 (Eginhard,
1132 3991 1190 4046 tite
1204 3986 1313 4058 liereli,
1326 4002 1350 4042 e.
1362 3991 1407 4054 tt,
1421 3989 1509 4057 Perta,

445 4059 556 4131 arripe,
571 4065 591 4114 t.
608 4059 642 4121 ll,
656 4075 681 4130 p.
699 4059 772 4128 l55.)
788 4059 808 4116 ll
821 4062 875 4131 prit
886 4061 945 4116 seio
958 4060 992 4116 do
1006 4058 1169 4131 derelopper
1184 4074 1216 4114 ce
1234 4062 1298 4129 gont
1315 4056 1381 4112 etrez
1395 4071 1439 4113 ses
1455 4056 1508 4116 tlls.

445 4129 539 4196 title..
553 4144 577 4183 e.
591 4130 635 4194 te,
649 4145 676 4202 p.
691 4132 762 4197 1131
774 4131 854 4186 leuis
866 4130 892 4185 le
910 4132 993 4186 Pioux
1006 4144 1036 4184 se
1048 4128 1161 4185 lirraita
1179 4133 1224 4184 eet
1237 4127 1359 4184 exereire
1372 4142 1438 4183 aree
1454 4143 1509 4184 ooo

444 4199 533 4255 meins
556 4198 679 4280 d'ardeur
700 4214 753 4272 que
773 4217 821 4256 seo
842 4203 930 4272 pere:
953 4221 964 4252 ι
986 4202 1016 4257 ln
1032 4204 1227 4256 menseautem
1248 4199 1385 4322 Augusto,
1401 4196 1511 4270 quando

444 4269 515 4324 cervi
545 4270 711 4339 promtissimi
737 4275 801 4325 sunt
839 4272 983 4327 venatione
1009 4269 1134 4340 serebat,
1167 4283 1253 4342 nsque
1304 4282 1351 4323 um
1383 4281 1510 4338 aprorum

443 4341 550 4410 tempos
560 4337 712 4397 advenerat.
727 4360 742 4390 ι
767 4313 907 4414 qilregan,
924 4341 1192 4411 teramnensem.
1208 4342 1253 4407 11,
1267 4340 1356 4410 Perti,
1366 4336 1511 4411 scriptor,
