3398 5580
889 456 1064 527 4-ιῖ-

441 613 490 670 est
511 601 646 669 secundi
666 601 800 667 'ordinis
825 598 1046 674 sacerdotum,
1074 605 1417 682 praemonstraverunt3
1445 605 1500 674 ut,

441 716 673 784 decedentibus
691 716 872 801 episcopis,
891 713 931 778 de
951 712 1005 777 his
1023 710 1157 778 secundi
1180 721 1212 776 et
1231 711 1397 776 inferioris
1418 711 1504 779 ordi·

444 835 497 897 nis
520 829 758 907 sacerdotibus,
786 827 967 893 secundum
991 844 1099 890 sacros
1121 844 1280 903 canones,
1304 827 1423 908 spiritu
1440 825 1503 891 Dei
1576 905 1583 915 ι

444 944 591 1012 conditos
604 952 636 1008 et
654 944 754 1007 totius
767 941 885 1007 mundi
903 941 1084 1004 reverentia
1097 947 1312 1014 consecratos,
1328 938 1370 1002 ad
1381 939 1503 1004 summi

445 1057 615 1124 sacerdotii
648 1058 774 1140 apicem
812 1055 881 1120 loco
922 1052 1127 1118 decessorum
1161 1053 1387 1137 episcoporum
1426 1071 1504 1136 pro·

447 1172 607 1238 vehantur
621 1168 644 1248 ¹,
677 1172 763 1235 sicut
794 1187 884 1233 sacra
912 1168 1079 1253 Scriptura
1107 1170 1247 1232 Actuum
1276 1166 1504 1251 Apostolorum

446 1295 594 1371 patenter
629 1281 790 1359 ostendit,
830 1280 958 1346 dicente
992 1281 1088 1346 Petro
1120 1279 1159 1344 ad
1195 1279 1373 1345 confratres
1407 1299 1503 1359 suos,

446 1399 578 1485 quando
595 1396 714 1474 Judas,
736 1397 795 1480 qni
813 1404 1069 1461 connumeratus
1092 1394 1194 1459 suerat
1214 1395 1250 1457 in
1271 1391 1385 1458 ordine
1403 1394 1505 1478 Apos·
1527 1406 1536 1416 ’

449 1515 607 1591 tolorum,
632 1521 664 1578 et
685 1513 821 1577 sortitus
842 1519 961 1575 sortem
984 1511 1160 1574 ministerii
1183 1507 1398 1592 apostolatus,
1425 1508 1507 1573 abiit

447 1631 484 1694 in
511 1629 619 1693 locum
645 1645 771 1692 suum:
797 1649 813 1683 ii
834 1610 995 1708 Oportet,
1013 1624 1185 1707 inquiens,
1213 1643 1251 1687 ex
1274 1622 1328 1687 his
1349 1624 1429 1687 viris
1448 1624 1507 1707 qui

449 1741 618 1808 nobiscum
643 1740 831 1824 congregati
861 1739 992 1802 suntin
1026 1739 1117 1802 omni
1142 1745 1285 1821 tempore
1310 1755 1377 1822 qno
1404 1738 1507 1801 intra·

331 1885 336 1892 ·
448 1857 495 1922 vit
518 1866 550 1922 ct
569 1855 667 1920 crivit
689 1855 776 1917 inter
800 1870 860 1916 nos
886 1851 1049 1916 Dominus
1073 1850 1186 1925 Jesus,
1208 1859 1321 1915 testem
1344 1868 1506 1917 resurrec-

447 1971 548 2034 tionis
574 1969 646 2054 ejus
673 1965 846 2032 nobiscum
875 1965 945 2029 fieri
971 1983 1078 2029 unum
1105 1983 1144 2029 ex
1170 1966 1242 2029 istis
1253 1963 1279 2028 ².
1307 1989 1324 2026 ii
1351 1965 1392 2029 Ei
1418 1966 1508 2031 venit

448 2082 559 2148 electio
580 2082 693 2145 divina
716 2099 816 2164 super
833 2078 1008 2156 Mathiam,
1027 2078 1087 2162 qui
1105 2072 1341 2143 annumeratus
1362 2088 1412 2144 est
1431 2096 1507 2147 cum

448 2195 599 2262 undecim
618 2191 782 2280 apostolis.
1400 2188 1403 2192 ’

965 2523 1005 2587 V.

496 2799 536 2863 Ei
564 2798 599 2861 iu
632 2815 722 2861 sacra
748 2796 877 2880 Regum
907 2794 1043 2860 historia
1071 2795 1212 2881 legimus
1238 2799 1318 2881 quia
1348 2799 1512 2884 principes

453 2917 680 2993 Sacerdotum,
712 2909 845 3000 quando
878 2933 969 2979 sacra
1004 2915 1159 2980 unctione
1188 2934 1280 2999 reges
1308 2917 1344 2980 in
1373 2935 1512 3000 regnum

453 3032 637 3108 siciebant,
679 3049 833 3123 coronam
872 3028 1111 3112 significantem
1149 3031 1316 3095 uictoriam
1353 3039 1514 3116 ponentes

453 3165 552 3229 super
575 3144 680 3228 capita
702 3161 833 3220 eorum,
859 3141 964 3226 legem
986 3143 1022 3205 in
1047 3161 1182 3206 manum
1204 3145 1274 3228 ejus
1294 3133 1462 3224 dabant',¹
1477 3153 1515 3209 ut

454 3260 574 3324 scirent
588 3257 728 3342 qualiter
744 3258 869 3340 seipsos
886 3276 996 3340 regere
1011 3267 1042 3322 et
1060 3276 1177 3340 pravos
1192 3262 1352 3343 corrigere
1365 3270 1397 3327 et
1409 3260 1515 3327 bonos

455 3374 489 3437 in
505 3373 591 3436 viam
606 3381 726 3437 rentum
739 3369 895 3436 deberent
910 3370 1062 3456 dirigere.
1081 3372 1189 3452 Unde,
1206 3376 1289 3440 sicut
1303 3374 1418 3442 beatus
1431 3395 1516 3462 pape

455 3485 606 3552 Gelasius
621 3484 660 3549 ad
679 3485 894 3549 anastasium
914 3487 1143 3570 imperatorem
1163 3506 1200 3552 ex
1221 3490 1321 3554 sacris
1339 3489 1516 3575 scripturis

454 3599 655 3666 demonstrat
666 3596 690 3676 ¹,
708 3608 741 3664 et
756 3591 794 3663 in>
809 3598 949 3684 hisquae
966 3619 1072 3684 nuper
1089 3599 1175 3685 apud
1189 3605 1381 3687 martyrium
1398 3613 1516 3671 sanctae

492 3890 517 3944 t.
539 3910 553 3937 ι
562 3889 590 3944 Si
598 3887 809 3961 quisepiscopus
820 3902 879 3944 esse
890 3891 1018 3952 rueretur,
1027 3886 1063 3943 sit
1071 3888 1157 3959 primo
1169 3887 1301 3956 ostiarius,
1311 3888 1409 3946 deinde
1421 3888 1515 3960 lector,

456 3964 546 4029 posim
568 3958 715 4024 exorcista,
736 3956 800 4014 inde
814 3962 934 4014 sacretur
949 3956 1104 4029 acolythus,
1118 3956 1225 4014 domuin
1242 3973 1306 4014 iero
1322 3958 1516 4030 subdiaconus,

455 4025 554 4084 deinde
568 4027 697 4083 diaconus
715 4032 743 4084 et
758 4032 848 4098 postea
882 4027 1011 4097 resbytor,
1026 4033 1054 4084 et
1067 4027 1179 4095 exinde,
1192 4029 1214 4084 si
1230 4033 1357 4098 meretur,
1377 4030 1518 4102 episcopus
1558 4043 1560 4046 ·

456 4096 605 4153 ordinetur.
634 4120 648 4147 ι
678 4099 720 4159 (Ε
738 4097 815 4153 idolii
871 4098 909 4153 iiii
932 4113 1008 4170 piipoe
1034 4097 1069 4154 id
1094 4096 1207 4156 Feiireiii
1232 4098 1392 4171 episcopitii,
1417 4115 1442 4156 c.
1472 4115 1517 4169 τις

456 4166 560 4224 Petrei.
576 4167 637 4249 iiio,
649 4165 702 4248 roi.
717 4114 752 4250 (ζ,
767 4167 820 4224 coi.
837 4166 1146 4250 199.)-ιΝο1ο1οἱοᾱ
1164 4169 1346 4240 episcopatum
1383 4168 1517 4228 roi-etian-

459 4241 511 4294 tur.
528 4238 566 4293 De
579 4236 792 4293 ordinationibus
804 4252 920 4293 maxime
932 4237 1126 4294 observandum
1139 4243 1181 4295 ost
1193 4244 1224 4295 ut
1233 4253 1340 4311 semper
1350 4185 1439 4297 eferici
1450 4237 1518 4296 dant

457 4321 472 4362 e
492 4308 608 4391 iscnpi..5
621 4329 635 4356 ι
653 4307 758 4371 (Sniicti’
767 4307 859 4366 siricii
869 4308 1014 4436 apininici
1021 4324 1069 4365 seii
1079 4324 1188 4367 conones
1195 4309 1288 4377 iuoodi
1298 4310 1518 4367 nominarit

480 4376 710 4450 eiiciepiicopoi,
741 4393 767 4436 c.
800 4379 850 4449 to,
900 4379 981 4437 ntrol.
1010 4379 1071 4448 iot..
1099 4379 1152 4438 iol.
1183 4380 1261 4446 xlii,
1288 4379 1340 4438 eol.
1369 4378 1461 4455 tm.)
1480 4409 1518 4425 -
