3398 5580
749 427 1025 506 -sseo-4

310 589 384 647 eos,
402 588 468 634 non
484 553 652 654 parentes,
672 586 737 632 non
755 587 893 634 munera
910 567 1043 646 dantes,
1060 587 1127 651 non
1146 564 1372 647 blandientes,

312 703 379 749 non
389 691 630 768 exasperantem
645 701 711 747 non
722 673 897 768 sophistice
908 683 961 748 rel
969 694 1114 762 versute,
1128 681 1373 750 autsecundurn

310 800 506 883 sapientiam
523 797 727 864 solummodo
746 798 847 883 hujus
865 798 976 863 saeculi
990 818 1064 883 quae
1084 801 1220 866 inimica
1236 808 1285 865 est
1304 799 1390 865 Deo*

310 913 491 997 sapientes,
513 911 569 977 sed
583 911 673 975 illam
686 913 880 997 sapientiam
897 922 929 977 et
945 912 1199 999 intelligentiam
1214 915 1371 994 scientes,
1461 956 1503 978 -.
1575 911 1578 917 ’

309 1046 376 1111 qua
396 1027 469 1091 illos
482 1027 540 1111 qui
559 1028 594 1089 in
614 1025 799 1111 supradicta
811 1025 957 1090 bumana
972 1029 1092 1093 astutia
1111 1027 1265 1094 fiduciam
1278 1048 1373 1094 suam
1460 1068 1462 1072 ν

312 1137 505 1204 habuissent
524 1138 665 1223 pleniter
680 1158 739 1224 per
755 1140 879 1224 justam
895 1150 927 1205 et
943 1150 1063 1205 rectam
1085 1143 1282 1228 sapientiam
1306 1161 1374 1207 non

311 1253 418 1319 solum
436 1257 613 1340 reprimere
630 1252 686 1318 scd
701 1254 849 1321 funditus
866 1242 1051 1340 opprimere
1062 1259 1258 1342 potuissent.
1271 1257 1375 1322 Electi

311 1377 420 1434 autem
438 1370 616 1434 consiliarii
633 1389 777 1434 unacum
795 1390 871 1454 roge
889 1370 951 1436 hoc
966 1373 1053 1436 inter
1071 1369 1124 1437 se¹
1149 1371 1377 1457 principaliter

311 1486 527 1548 constitutum
553 1482 732 1562 habebant,
758 1496 794 1549 ut
815 1485 973 1570 quicquid
998 1488 1084 1551 inter
1109 1505 1144 1552 se
1171 1485 1377 1552 familiariter

311 1595 411 1661 locuti
431 1597 586 1676 luissent,
611 1608 676 1662 tam
692 1597 731 1662 de
751 1607 834 1663 statu
851 1602 944 1684 regni
963 1620 1127 1686 quamque
1141 1598 1227 1678 etde
1242 1599 1377 1686 speciali

312 1711 484 1795 cujuslibet
501 1731 657 1797 persona,
675 1712 787 1778 nullus
803 1715 875 1778 sine
894 1733 1056 1780 consensu
1077 1717 1223 1800 ipsorum
1240 1713 1378 1781 cuilibet

312 1825 487 1892 domestico
518 1845 579 1892 suo
609 1826 660 1892 rel
692 1829 877 1912 cuicunque
904 1827 998 1893 alteri
1017 1828 1162 1914 prodere
1190 1828 1374 1909 debuisset,

313 1939 492 2006 secundum
508 1942 569 2007 hoc
581 1942 669 2027 quod
687 1961 739 2007 res
755 1941 866 2006 eadem
883 1945 951 2008 sire
966 1943 1035 2021 die,
1058 1944 1127 2010 sire
1144 1943 1289 2023 duobus,
1307 1945 1376 2010 sive

312 2055 473 2140 amplius,
493 2075 550 2121 sen
566 2076 692 2121 annum
708 2057 759 2122 rel
775 2060 872 2123 ctiam
890 2060 926 2132 in
941 2067 1098 2152 perpetuo
1112 2057 1234 2124 celari²
1247 2057 1297 2124 vel
1314 2058 1378 2124 sub

312 2169 443 2235 silentio
460 2190 592 2236 manere
610 2190 739 2236 necesse
753 2170 888 2249 luisset;
906 2175 985 2257 quia
999 2176 1132 2258 sarpeia
1149 2172 1207 2238 tali
1220 2182 1374 2252 tractatu,

312 2283 351 2349 de
374 2284 521 2369 qualibet
546 2305 684 2369 persona
709 2285 784 2352 talis
805 2286 987 2365 interdum,
1012 2298 1145 2373 prepter
1167 2306 1377 2354 communem

313 2399 485 2465 utilitatem
501 2399 659 2484 agendam
675 2400 724 2466 rel
739 2400 934 2479 cavendam,
953 2420 1060 2467 sermo
1079 2399 1241 2486 procedit,
1261 2401 1320 2486 qui
1335 2401 1394 2466 ab

313 2532 350 2579 eo
365 2516 516 2598 cognitus
529 2525 587 2578 aut
600 2514 694 2580 valde
712 2515 836 2594 turbat,
853 2527 910 2581 aut
927 2515 1015 2601 qued
1031 2519 1136 2600 magis
1150 2527 1198 2583 est
1213 2519 1248 2580 in
1265 2515 1377 2601 despe-

313 2628 471 2694 rationem
499 2629 616 2707 trahit‚
645 2629 695 2696 vel
721 2629 809 2715 quod
833 2632 1064 2714 gravissimum
1093 2641 1143 2696 est
1168 2633 1205 2695 in
1231 2629 1377 2696 infideli·

313 2754 409 2810 tatem
428 2745 602 2821 oonrertit,
619 2755 650 2810 ct
666 2745 706 2811 ab
722 2749 814 2812 omni
832 2746 976 2831 proiectu
991 2765 1090 2831 quem
1110 2746 1243 2811 tortasse
1260 2745 1377 2811 multi·

312 2859 440 2946 pliciter
457 2881 602 2928 exercerc
622 2863 730 2948 potuit
748 2860 900 2926 inutilem
923 2859 1045 2938 reddit,
1068 2879 1143 2927 cum
1163 2870 1272 2926 tamen
1290 2859 1377 2925 nibil

313 2977 343 3041 ei
367 2975 493 3042 obesset
509 2978 538 3042 si
561 2976 701 3042 eundem
721 2995 905 3042 sermonem
926 2976 1065 3040 minime
1088 2976 1195 3040 sciret.
1215 2972 1320 3053 Quale
1337 2972 1379 3040 de

314 3089 448 3158 homine
474 3111 558 3170 uno,
584 3092 649 3158 tale
677 3091 716 3158 de
740 3089 889 3169 duobus,
918 3089 982 3155 tale
1007 3087 1223 3166 decentum,
1250 3086 1316 3154 tale
1337 3086 1379 3154 de

314 3208 430 3293 maiori
449 3226 605 3283 numero,
622 3206 674 3272 rel
688 3208 787 3271 etiam
805 3204 846 3271 de
861 3206 1018 3290 progenie
1035 3224 1118 3283 una,
1139 3204 1189 3274 rel
1213 3213 1280 3270 tota
1295 3223 1378 3289 qua·

314 3321 393 3387 libet
414 3320 514 3386 simul
535 3322 719 3406 provincia,
743 3322 772 3385 si
797 3340 916 3405 magna
935 3318 1062 3385 cautela
1081 3303 1148 3385 non
1168 3302 1284 3398 tuerit,
1306 3316 1378 3382 fieri

313 3438 443 3522 poterit.

656 3602 671 3622 ³
772 3630 914 3698 xxxu.

357 3905 622 3992 Apocrisiarius³
654 3917 782 3985 autem,
815 3903 850 3970 id
881 3918 928 3974 est
957 3908 1147 3993 capellanus
1179 3908 1232 3975 vel
1262 3908 1378 3994 palatii

316 4035 440 4101 custos,
462 4033 495 4089 et
513 4019 732 4089 camerariusl
749 4043 877 4107 semper
894 4025 1091 4101 intererant,
1115 4031 1147 4088 et
1166 4020 1286 4088 idcirce
1301 4039 1379 4086 curn

355 4292 378 4346 t.
398 4291 508 4347 tusam
521 4287 611 4347 donne
624 4289 680 4346 ced.

353 4375 379 4430 t.
400 4375 510 4431 uorans
521 4371 611 4430 donne
626 4372 727 4433 catere
