3398 5580
879 452 1053 517 ..rg-

444 595 688 664 necessitatibus
706 595 964 673 occurrentibus,
984 615 1060 662 eum
1083 596 1204 682 palatio
1223 596 1493 682 conglutinaban-

443 732 496 786 tur
511 717 727 807 [pertinebat].
747 719 810 784 Sed
825 738 883 785 nee
902 720 967 804 ipsi
985 720 1166 805 superiores
1184 739 1297 786 omnes
1313 720 1491 806 aequaliter.

442 856 570 935 propter
592 845 848 909 ministeriorum
871 843 1103 922 diversitatem.
1127 843 1315 929 qualitatem
1342 845 1393 910 rel
1414 863 1492 911 oon·

442 970 660 1047 venientium,
690 965 843 1052 prodesse
869 976 1033 1053 poterant,
1062 986 1135 1033 cum
1163 977 1271 1033 tamen
1299 967 1412 1034 nullus
1440 988 1492 1048 se,

442 1102 571 1179 propter
588 1090 664 1157 lidei
683 1090 873 1157 servandam
893 1093 1057 1158 veritatem
1076 1093 1161 1177 regis
1178 1100 1210 1158 et
1228 1093 1337 1178 regni,
1356 1101 1393 1158 ut
1410 1111 1500 1178 prae·-

442 1217 643 1293 dictumest,
669 1217 857 1282 subtrahere
874 1218 1045 1301 potuisset,
1070 1216 1121 1282 rel
1140 1217 1237 1282 etiam
1254 1216 1422 1283 voluisset.
1445 1217 1508 1283 De·

442 1341 581 1426 quorum
607 1342 756 1426 personis
782 1340 833 1407 vel
858 1341 1063 1417 ministeriis,
1095 1359 1282 1426 quanquam
1308 1339 1406 1426 plura
1428 1341 1496 1407 sint

442 1484 515 1550 quae
532 1464 692 1544 dicantur,
712 1464 781 1531 haee
798 1474 905 1530 tamen
924 1466 1083 1551 praecipue
1098 1461 1313 1531 habebantur.

905 1785 1026 1850 xvltt.

487 2069 655 2153 Imprimis
675 2075 729 2143 ut,
750 2067 842 2153 juxta
865 2068 1086 2157 cujuscunque
1108 2068 1283 2133 ministerii
1304 2067 1497 2153 qualitatem

446 2192 496 2259 vel
517 2193 749 2279 quantitatem,
773 2193 923 2257 minister
946 2191 1048 2257 nobili
1068 2190 1161 2258 eorde
1180 2200 1211 2257 et
1228 2209 1377 2278 corpore.
1401 2212 1497 2260 oons-

447 2328 535 2395 tans,
565 2315 786 2396 rationabilis,
815 2315 989 2396 discretus,
1015 2326 1047 2382 et
1069 2315 1197 2383 sobrius
1222 2314 1413 2401 eligeretur3
1440 2317 1496 2384 sed

448 2461 507 2508 nee
525 2440 584 2506 illa
602 2439 784 2506 sollicitudo
803 2437 912 2505 deerat
929 2449 981 2518 ut,
1001 2442 1028 2505 si
1051 2440 1120 2505 lieri
1136 2441 1308 2526 potuisset,
1332 2441 1418 2506 sicut
1436 2439 1500 2508 boe
1569 2456 1573 2460 ’

447 2585 602 2652 regnum,
624 2565 692 2630 Deo
708 2572 853 2642 auctore,
872 2584 910 2629 ex
927 2563 1077 2649 pluribus
1092 2564 1281 2650 regionibus
1298 2573 1441 2645 constat,
1461 2585 1498 2631 ex

446 2689 581 2755 diversis
605 2691 701 2755 etiam
727 2688 847 2754 eisdem
878 2688 1082 2773 regionibus,
1107 2697 1163 2753 aut
1188 2690 1224 2753 in
1248 2690 1355 2774 primo
1379 2691 1496 2754 autin

447 2812 587 2881 secundo
601 2814 766 2879 autetiam
783 2815 818 2877 in
832 2813 980 2899 quolibet
994 2811 1063 2878 loco
1075 2812 1161 2878 idern
1179 2814 1324 2878 ministri
1341 2811 1498 2898 eligeren-

407 2916 408 2920 Ἰ
447 2947 520 3017 tur;
545 2937 684 3023 qualiter
703 2937 897 3003 familiarius
914 2957 1048 3023 qumque
1063 2939 1212 3023 regiones
1232 2936 1390 3022 palatium
1410 2937 1500 3003 adire

447 3071 595 3148 possent,
623 3061 703 3126 dum
726 3081 792 3127 sua
816 3061 1010 3147 genealogiae
1035 3062 1086 3128 vel
1108 3063 1251 3146 regionis
1274 3071 1440 3128 consortes
1461 3063 1499 3127 in

448 3185 567 3272 palatio
585 3185 692 3252 locum
708 3195 816 3287 tenere
830 3194 1069 3271 eognosoereut.

838 3614 840 3620 Α
929 3519 1020 3586 xm.

494 3803 555 3867 llis
573 3803 619 3866 ita
639 3801 778 3866 breviter
794 3799 835 3866 de
855 3797 1014 3885 eligendis
1034 3808 1064 3863 et
1086 3797 1322 3865 oonstitueudis
1340 3799 1504 3865 ministris

451 3925 629 4011 predictis.
649 3943 737 3990 nuno
751 3922 791 3989 ad
810 3922 987 3990 eorundem
1003 3923 1226 3988 ministrorum
1241 3929 1275 3988 et
1290 3923 1502 3989 ministratio

452 4070 534 4115 num
555 4048 703 4114 ordinem
725 4048 864 4134 qualiter
887 4046 1060 4114 currebant
1085 4043 1283 4112 veniendum
1308 4055 1367 4112 est.
1395 4046 1500 4125 Nam,

451 4174 601 4260 quamvis
615 4171 739 4259 praelati
753 4173 910 4250 ministri,
927 4171 1151 4256 unusquisque
1166 4170 1205 4237 de
1223 4189 1283 4235 suo
1300 4170 1501 4250 ministerio,

453 4317 520 4365 non
532 4297 594 4364 sub
606 4296 672 4362 alio
683 4296 733 4363 rel
748 4315 805 4382 per
816 4294 918 4360 alium
933 4297 999 4361 nisi
1012 4314 1071 4380 per
1084 4296 1245 4382 seipsum,
1265 4294 1373 4360 solum
1392 4313 1503 4382 regem

454 4422 506 4488 rel
522 4432 680 4508 quantum
695 4420 736 4487 ad
749 4421 895 4507 reginam
910 4420 961 4486 vel
978 4419 1152 4506 gloriosam
1162 4418 1290 4507 prolem
1303 4420 1391 4506 regis
1403 4420 1503 4508 respi-
