3398 5580
353 892 391 957 ln
417 893 527 977 prima
548 892 652 977 igitur
673 890 906 975 dispositione,
928 890 1016 974 regis
1037 891 1195 975 palatium
1222 893 1259 956 in
1280 909 1379 956 orna·

309 1013 421 1070 mento
440 1005 541 1070 totius
559 1002 693 1089 palatii¹
720 1005 764 1068 ita
784 1001 973 1068 ordinatum
993 1013 1082 1084 erat3
1102 1005 1284 1090 anteposito
1302 1023 1381 1088 ergo

310 1140 384 1204 rege
402 1130 435 1186 et
452 1122 569 1205 regina
585 1139 659 1186 curn
679 1119 887 1186 nobilissima
902 1119 995 1205 prole
1014 1139 1092 1199 sua,
1110 1131 1177 1185 tam
1195 1121 1232 1184 in
1248 1121 1380 1204 spirita·

308 1233 398 1298 libus
424 1253 525 1319 qnam
549 1245 582 1299 et
606 1236 642 1298 in
670 1233 873 1299 secularibus
896 1243 994 1318 atque
1016 1233 1239 1319 corporalibus
1262 1232 1381 1311 rebus,v

310 1366 367 1432 per
383 1347 445 1414 hos
465 1350 637 1414 ministros
650 1349 742 1413 omni
761 1358 906 1433 tempore
926 1348 1182 1434 gubernabatur.
1201 1349 1379 1426 Videlicet,-
1463 1345 1466 1350 ’

309 1481 367 1546 per
390 1461 673 1547 apocrisiarium²‚
696 1461 731 1526 id
752 1470 801 1528 est
822 1462 1046 1546 responsalem
1064 1465 1270 1548 negotiorum
1283 1464 1381 1530 eoele-

310 1577 547 1642 siasticorum:
574 1577 670 1662 cujus
693 1577 916 1643 ministerium
943 1597 980 1642 er
1006 1597 1045 1643 eo
1069 1587 1214 1664 ternpore
1239 1581 1382 1665 sumpsit

311 1689 479 1785 exordium
495 1691 628 1776 quando
642 1692 880 1757 Constantinus
894 1711 1036 1777 magnus
1050 1692 1258 1777 imperator³,
1275 1684 1388 1784 chris·'⁴

312 1806 422 1871 tianus
444 1805 610 1887 euectust,
637 1817 768 1893 proptor
790 1825 937 1872 amorem
960 1817 992 1873 et
1010 1806 1170 1874 honorem
1194 1819 1380 1876 sanctorum

311 1922 535 2006 apostolorum
555 1923 646 1989 Petri
666 1932 697 1989 et
717 1923 830 2001 Pauli,
848 1942 991 2007 quorum
1010 1922 1157 1990 doctrina
1172 1943 1211 1990 ac
1227 1925 1381 1989 ministe-

311 2036 386 2103 rio⁵
407 2038 448 2103 ad
467 2037 590 2103 Christi
609 2040 746 2123 gratiam
770 2037 977 2123 baptismatis
986 2040 1189 2104 ‘sacramenti
1208 2039 1376 2124 pervenit.

312 2151 419 2218 locum
443 2161 475 2216 ct
500 2151 609 2218 sedern
631 2170 743 2229 suam,
769 2151 889 2232 urbem·
912 2149 1037 2217 scilicet
1059 2151 1259 2234 Romanam,
1288 2170 1384 2236 papas

312 2439 389 2497 trale.
403 2443 454 2498 Les
469 2445 539 2497 mols
551 2441 642 2498 domna
654 2447 681 2498 et
694 2442 833 2498 comitatus
846 2446 908 2497 sont
922 2444 992 2498 aussi
1010 2440 1148 2513 enrployds
1197 2457 1231 2497 nr
1245 2455 1277 2497 ex
1299 2439 1382 2496 rimer

312 2509 469 2568 l'enscnrble
482 2510 531 2568 des
548 2512 647 2583 grands
665 2518 693 2568 ct
706 2511 755 2568 des
770 2512 981 2569 fonctionnaires
993 2511 1040 2585 qui
1056 2513 1146 2568 nitent
1178 2456 1382 2568 abituetfement

312 2580 379 2637 dans
400 2582 425 2637 la
442 2583 601 2654 compagine
623 2581 659 2638 dn
679 2583 718 2639 roi
736 2588 764 2637 et
782 2581 900 2638 forment
917 2597 966 2637 son
987 2587 1143 2654 entourage.
1163 2582 1263 2654 (lloyez
1275 2581 1389 2648 Wailr‚·

314 2651 441 2708 Dentrcle
462 2651 798 2724 Verouanpsoesclicbte,
822 2652 867 2710 dd.
890 2656 969 2723 1860,
995 2658 1015 2708 t.
1038 2654 1085 2719 ltt.
1127 2650 1296 2720 Ala-tlt.)
1314 2651 1383 2708 llait

310 2721 439 2793 palatium
452 2728 494 2778 est
508 2652 533 2778 (e
546 2727 632 2779 tenne
651 2739 698 2794 pro
709 2738 746 2778 nc
760 2737 827 2793 pour
839 2721 994 2794 designari
1010 2722 1034 2778 la
1051 2667 1139 2780 totels
1152 2726 1381 2795 gout’ernement‚

312 2807 380 2847 ceux
394 2793 439 2865 qui
452 2793 479 2849 le
493 2791 613 2865 dirigent
624 2799 652 2849 ot
665 2793 690 2849 le
714 2794 756 2849 iou
771 2796 804 2848 od
820 2792 854 2849 ils
868 2793 997 2849 resident.

349 2879 374 2930 t.
396 2874 530 2931 Palatium
545 2874 651 2946 signifie
665 2877 764 2948 parlois
778 2874 936 2931 l‘ensemble
952 2874 988 2931 du
1003 2882 1225 2947 gonserncrneut.
1240 2874 1288 2932 Tel
1300 2879 1344 2931 est
1356 2873 1382 2931 le

314 2959 377 3000 sens
388 2944 422 3001 dc
436 2962 467 3001 cc
486 2951 542 3001 mot
557 2946 625 3001 dans
639 2962 674 3001 nn
695 2961 806 3018 passage
824 2944 859 3001 de
873 2944 898 3001 la
913 2944 1003 3002 riade
1017 2947 1104 3002 sainte
1117 2944 1249 3002 balthilde
1264 2968 1271 3002 ε
1289 2945 1382 3001 teum

312 3013 400 3070 adhuc
413 3021 520 3087 regeret
532 3016 668 3088 publicum
684 3016 821 3088 palatium.
834 3038 849 3065 ι
862 3015 873 3087 (
881 3017 940 3072 Vita
954 3017 983 3072 S.
997 3015 1143 3073 lloltlildia
1159 3017 1273 3088 reatae,
1287 3031 1312 3072 c
1328 3018 1357 3072 tt
1373 3032 1381 3086 3
1421 3077 1422 3080 Ἴ

313 3084 455 3147 llabillou.
479 3087 543 3141 dcta
561 3087 683 3142 sanctor.
698 3086 756 3142 ord.
775 3087 804 3142 S.
827 3087 937 3152 bened,
958 3103 1022 3142 saec.
1038 3102 1075 3153 u,
1095 3102 1122 3158 p.
1138 3086 1211 3158 tat.)
1227 3087 1262 3142 Et
1284 3100 1384 3143 encore

348 3159 451 3211 ut-etre
465 3155 534 3212 dans
547 3156 573 3211 le
587 3156 705 3229 dipldnro
719 3172 765 3228 par
780 3155 868 3227 lequel
888 3158 969 3213 lonis
983 3157 1008 3212 le
1023 3157 1106 3212 Picus
1118 3157 1203 3229 prend
1216 3155 1256 3213 les
1266 3156 1335 3212 iniis
1348 3155 1383 3212 de

314 3169 386 3294 [gun
405 3241 469 3281 sous
490 3240 517 3281 sa
539 3228 688 3298 protectior
704 3249 710 3281 :
726 3249 739 3273 κ
757 3226 834 3281 liccat
853 3227 893 3282 eis
908 3226 958 3283 sub
976 3225 1162 3282 mundoburdo
1180 3232 1208 3282 et
1225 3225 1383 3283 defensione

315 3299 404 3350 nostra
423 3296 515 3368 quiete
536 3298 642 3365 virere,
658 3303 686 3352 et
702 3296 820 3367 partibus
839 3296 929 3378 palatii
947 3297 1030 3352 nostri
1053 3296 1168 3352 fideliter
1187 3295 1324 3352 deservire
1327 3337 1381 3353 .....

314 3364 482 3437 Quicumque
494 3367 521 3421 in
538 3372 624 3422 morte
637 3382 763 3423 eonrm...
778 3365 971 3423 consiliaverit.
987 3409 994 3422 .
1011 3366 1078 3421 sciat
1092 3365 1163 3422 sead
1211 3371 1279 3422 rtem
1292 3364 1382 3439 palatii

316 3434 408 3562 nosotpi⁰
420 3435 515 3576 {pppis
535 3435 617 3493 libras
637 3438 694 3493 auri
714 3435 923 3510 persoluturum.
944 3456 957 3488 ι
985 3435 1062 3502 (lieo.
1085 3436 1130 3493 dea
1178 3439 1272 3507 istor.,'
1291 3442 1311 3492 t.
1335 3435 1383 3503 Vl,

348 3589 376 3642 i.
392 3588 480 3659 Voyez
498 3603 596 3645 encore
615 3605 662 3645 sur
679 3588 868 3662 l'apoerisiaire
883 3588 925 3643 les
940 3587 1076 3661 clrapitres
1090 3590 1162 3657 xlv,
1172 3589 1312 3657 xv,xvt,
1323 3590 1382 3644 lix.

313 3686 348 3697 -
361 3659 395 3713 lo
410 3665 466 3715 rnot
499 3674 543 3715 rec
554 3661 761 3728 apocrisiarius,
775 3659 842 3714 dont
853 3658 877 3713 la
894 3658 1044 3714 traduction
1061 3659 1141 3715 latine
1155 3657 1382 3731 campanella,

313 3725 426 3784 dc'sione
438 3729 470 3784 ici
480 3674 726 3810 f'orclicltnpeloip.
743 3730 871 3784 llincnrar
883 3733 969 3811 pnrait
983 3731 1042 3811 titre
1052 3728 1078 3785 le
1092 3728 1150 3785 seul
1161 3735 1257 3785 auteur
1267 3730 1312 3802 qni
1328 3727 1384 3810 l'ait

313 3770 436 3939 ennpdopd
449 3798 517 3854 dans
529 3815 560 3855 ce
575 3815 647 3881 sens.
659 3800 735 3856 Sarnt
744 3800 820 3855 Ouen
835 3803 878 3856 est
889 3814 958 3854 arnsr
971 3797 1080 3871 qualrfie
1092 3799 1161 3882 dan-s
1173 3815 1209 3855 un
1221 3805 1297 3882 texte
1308 3803 1383 3881 ante·

313 3869 526 4020 lilallllllt
539 3875 1163 4021 lllldtrtitttltttltftllttti'}
1176 3869 1383 4022 {illitati

312 4007 443 4076 signanda
465 4013 562 4080 scripta
587 4008 628 4064 vel
650 4009 739 4065 edicta
761 4024 790 4064 re
826 4008 875 4074 lta.
901 4023 1015 4081 quorum
1037 4025 1096 4082 rpse
1118 4014 1284 4082 conscriptor
1305 4013 1382 4074 erat.

312 4075 431 4146 sigillum
445 4078 488 4134 rel
505 4077 616 4134 anulum
630 4081 702 4152 regis
712 4085 789 4135 custo
810 4080 915 4136 iebat...
936 4079 977 4136 tir
995 4081 1102 4138 llorniui
1118 4081 1263 4138 dudoenus
1277 4080 1384 4152 apocri·

311 4145 1383 4293 anneta.all⁶¹t.ttlnt.t'r.⁵tt.¹staatsttabl!

612 4260 619 4288 t
949 4264 952 4271 ⁴
1006 4263 1013 4285 s

312 4283 406 4358 siairm
422 4290 490 4344 mais
505 4303 573 4345 nous
591 4305 625 4346 ne
644 4304 765 4363 pouvons
783 4288 950 4348 determinet
965 4292 1005 4364 les
1022 4289 1156 4348 fonctions
1170 4290 1235 4364 qu’il
1257 4290 1402 4363 rempllsr
