3398 5580
801 826 873 917 vn.

352 1125 458 1190 Habet
478 1107 601 1210 quippe
620 1124 698 1190 ordo
714 1123 922 1191 sacerdotalis
940 1123 1029 1210 leges
1044 1122 1205 1190 divinitus
1225 1123 1374 1211 promul·

308 1249 416 1326 getas,
445 1237 588 1325 qualiter
612 1241 753 1326 quisque
779 1239 820 1305 ed
844 1238 978 1306 eulmen
1005 1218 1194 1324 regiminis,
1226 1237 1377 1305 videlicet
1418 1318 1420 1320 =

310 1355 535 1440 episcopatus,
549 1355 661 1420 venire
675 1353 806 1434 debeat,
820 1364 933 1440 utque,
944 1353 1058 1420 adhoc
1070 1363 1154 1420 reete
1162 1344 1374 1440 perveniens,
1450 1367 1459 1382 ‘

310 1466 453 1555 qualiter
475 1468 579 1547 vivet,
604 1477 637 1533 et
659 1467 741 1535 bene
766 1472 898 1548 vivens,
919 1469 1060 1555 qualiter
1082 1468 1212 1546 doceat,
1236 1478 1268 1534 et
1291 1449 1378 1535 recte

312 1580 451 1658 doeens,
471 1580 696 1647 infirmitatem
711 1602 804 1647 suom
821 1581 967 1668 quotidie
980 1592 1105 1667 quanta
1117 1581 1378 1649 consideratione

312 1705 502 1780 cognoseat,
522 1695 663 1781 qualiter
678 1698 778 1762 etiam
796 1698 965 1762 ministros
982 1695 1046 1761 sibi
1062 1695 1248 1781 subpositos
1266 1715 1380 1780 regere

313 1809 444 1888 debeat,
468 1798 569 1896 quam
589 1829 673 1896 pura
692 1814 792 1878 etiam
814 1813 997 1877 intentione
1019 1830 1127 1878 saeros
1145 1811 1380 1878 ecclesiasticos

313 1922 446 1990 ordines
468 1923 672 2010 dispensare.
694 1935 726 1992 et
749 1945 816 2012 que
835 1924 1030 1993 discretione
1052 1925 1156 2011 ligare
1180 1923 1380 1992 velsolvere

313 2038 463 2104 subditos
479 2038 604 2104 debeat.
620 2038 668 2105 De
680 2040 804 2125 quibus
819 2039 947 2125 legibus
960 2042 997 2104 in
1016 2039 1139 2106 eisdem
1154 2042 1314 2125 seriptum
1331 2048 1381 2105 est

314 2154 387 2217 ita:
414 2176 431 2213 e
457 2152 552 2218 Nulli
579 2152 735 2236 sacerdoti
759 2173 836 2220 suos
859 2153 955 2220 liceat
977 2173 1120 2220 canones
1143 2155 1294 2239 ignorare
1320 2173 1382 2221 nee

313 2269 492 2354 quiequam
512 2268 616 2334 locere
632 2268 720 2354 quod
741 2270 875 2334 Petrum
898 2271 1001 2354 possit
1019 2268 1143 2354 regulis
1164 2268 1308 2335 obviare.
1327 2267 1339 2315 ¹
1361 2291 1380 2330 s

316 2383 404 2464 Quia
432 2402 500 2449 uon
532 2386 644 2448 minus
665 2386 701 2448 in
729 2395 914 2450 sanctarum
939 2382 1152 2449 traditionum
1177 2380 1383 2469 delinquitur

318 2612 414 2693 Quod
430 2613 494 2680 tale
507 2622 574 2701 est,
590 2617 684 2700 quia,
700 2624 738 2679 ut
754 2606 843 2680 saera
863 2623 1024 2680 monstrat
1036 2614 1227 2690 auctoritas,
1244 2623 1383 2698 cognate

318 2737 397 2794 sunt
415 2709 560 2794 sollisma
580 2737 613 2793 et
635 2727 778 2825 hpresis,
800 2748 853 2808 ac,
878 2730 908 2794 si
931 2729 1007 2794 eliis
1026 2727 1134 2794 verbis
1153 2726 1292 2807 dicotur,
1313 2747 1382 2795 non

319 2845 433 2910 minus
446 2843 674 2910 schismaticus
689 2844 868 2930 delinquit,
886 2863 963 2909 cum
980 2843 1239 2942 prpverioetione
1254 2851 1385 2909 senou-

319 2979 395 3024 rum
420 2958 611 3045 regularum
639 2978 699 3044 per
724 2968 950 3044 contemptum
977 2977 1012 3024 se
1040 2957 1082 3022 ab
1112 2958 1238 3024 unitate
1266 2967 1386 3023 sonotae

320 3074 489 3152 lloclesiae,
518 3093 591 3159 quae
616 3093 733 3160 eorpus
760 3073 882 3139 Christi
908 3083 974 3152 est,
999 3072 1134 3152 dividit,
1160 3093 1260 3160 quam
1283 3073 1385 3140 haere

322 3189 423 3268 tiens,
444 3191 505 3275 qui
522 3188 563 3256 de
582 3189 669 3266 Deo,
691 3189 798 3274 capite
815 3187 965 3254 videlieet
981 3189 1088 3275 ipsius
1111 3186 1278 3266 Ecclesiae,
1299 3187 1387 3254 male

323 3305 433 3370 sentit
493 3325 520 3346 =·

319 3571 323 3579 Ι
361 3611 386 3665 l.
408 3608 498 3681 voyer
521 3607 599 3681 ohap.
630 3609 674 3667 lx.
698 3640 733 3651 -
749 3588 773 3659 ἰ
803 3591 874 3664 Nulli
902 3607 1070 3664 sacerdotum
1097 3621 1161 3663 suos
1185 3605 1250 3663 lieet
1272 3601 1392 3663 oenones

325 3677 449 3761 ignorare
469 3694 520 3762 per.
543 3678 687 3752 quidquam
706 3679 793 3762 lquere
814 3678 885 3752 quod
907 3678 1013 3734 latrum
1035 3678 1120 3749 possit
1134 3676 1391 3748 reqtrlisobviore.s

325 3749 481 3815 (Culesttur
518 3750 530 3807 l
561 3765 635 3875 popu
672 3748 793 3822 Epistola
830 3750 872 3815 Ψ.
906 3748 921 3819 i
952 3750 987 3819 l;
1047 3746 1152 3807 Petrei.
1179 3746 1248 3816 tut,
1267 3747 1323 3804 vol.
1353 3748 1391 3817 t,

223 3903 225 3906 Ι
324 3819 377 3876 eol.
406 3822 476 3890 ⁸³⁶3
513 3834 592 3892 repro
612 3821 652 3876 uit
678 3819 747 3876 dans
776 3818 800 3875 la
840 3816 968 3877 Collectio
996 3818 1165 3874 Decrctom
1189 3816 1225 3873 de
1252 3818 1342 3890 Deuys
1366 3816 1393 3875 le
