3398 5580
872 311 1041 388 .-⁸-

422 427 492 517 tate
502 421 516 529 ,¹
527 461 559 515 et
575 453 611 515 in
632 418 964 535 simplieitateoordis
980 450 1117 534 quaerite
1132 449 1230 513 illum
1244 447 1342 526 ¹.....;
1361 448 1442 531 quia
1457 447 1495 511 iu

428 566 616 630 malivolam
636 567 783 629 animam
806 583 873 629 non
898 563 1046 629 introibit
1070 565 1230 650 sapientia
1252 580 1311 627 noc
1334 560 1497 627 habitabit

429 682 464 743 in
481 699 613 764 corpore
630 678 763 745 subdito
781 680 920 764 pereatis
936 676 960 743 ².
984 702 1001 737 »

475 1409 543 1493 Ego
561 1417 688 1486 autom,
710 1415 741 1472 et
760 1425 819 1491 pro
842 1407 994 1490 imposito
1016 1402 1221 1469 ministerio³
1237 1414 1267 1468 et
1282 1423 1342 1489 pro
1362 1403 1450 1470 bona
1466 1412 1499 1469 et
1599 1403 1607 1416 ’

431 1530 617 1625 rationabili
636 1539 742 1594 restra
761 1529 930 1612 jussione,
949 1527 1120 1612 aggrediar
1135 1529 1250 1612 exequi
1267 1526 1356 1612 quod
1376 1528 1499 1612 rogatis

433 1674 498 1720 non
522 1673 595 1719 meo
615 1672 716 1717 sensu
737 1670 842 1737 neque
866 1651 975 1717 verbis
1000 1652 1099 1728 meis,
1138 1650 1210 1729 sed,
1241 1628 1277 1716 ut
1312 1645 1497 1740 pramisi⁴‚

368 1864 370 1868 μ
432 1778 593 1861 maJorum
626 1774 817 1854 traditione,
850 1773 1021 1841 attendens
1051 1772 1213 1841 dicentem
1244 1775 1427 1840 Dominum
1458 1773 1500 1839 ad

434 1899 646 1987 prophetam:
667 1924 684 1959 α
704 1900 754 1963 Tu
770 1909 879 1965 autom
895 1897 1035 1965 audiens
1051 1897 1222 1963 nuntiabis
1241 1899 1289 1964 eis
1312 1917 1349 1964 ex
1369 1917 1422 1963 me
1435 1896 1460 1962 ⁵.
1481 1921 1499 1958 a

434 2024 479 2088 Ex
496 2042 564 2102 rue.
581 2023 708 2107 inquit,
724 2032 756 2088 et
771 2041 839 2087 non
855 2042 892 2089 ex
908 2032 957 2101 te,
972 2025 1071 2106 quia,
1088 2025 1173 2087 siout
1190 2024 1261 2107 ipse
1276 2021 1357 2087 dicit
1373 2042 1381 2085 ε
1400 2047 1417 2081 r
1434 2021 1502 2100 Qui

433 2168 452 2210 a
470 2148 644 2231 semetipso
659 2145 817 2230 loquitur,
835 2145 971 2230 gloriam
984 2148 1152 2231 propriam
1169 2146 1287 2230 quierit
1298 2141 1323 2210 ⁸.
1342 2168 1360 2203 a
1381 2145 1501 2210 Sancta

434 2270 603 2355 Scriptura
619 2270 655 2332 in
674 2270 767 2332 omui
787 2267 901 2333 ordine
919 2278 951 2334 et
970 2269 1171 2355 professione
1192 2269 1373 2352 unicuique
1393 2266 1502 2332 aduri·

435 2395 599 2458 nistratori
630 2393 795 2477 praecipit,
824 2401 863 2456 ut
889 2391 1057 2476 intellegat
1084 2380 1200 2457 cuneta
1223 2409 1297 2476 quae
1324 2392 1382 2456 ait.
1409 2391 1500 2470 Quo·

435 2504 541 2592 niam,
568 2516 598 2580 si
625 2489 788 2600 intellegit
808 2513 1050 2581 administratio
1070 2534 1171 2599 quarn
1190 2515 1274 2600 gerit
1295 2513 1383 2580 unde
1408 2532 1501 2580 exor-

432 2637 524 2703 dium
556 2638 667 2722 caepit‚
700 2637 875 2705 sollicitius
902 2639 1037 2723 satagit,
1070 2646 1106 2701 ut
1137 2636 1178 2702 de
1204 2636 1503 2702 administrationis

427 2751 552 2828 ‘talento
576 2759 642 2827 sibi
661 2760 794 2856 eredita
817 2763 981 2826 rationem
1007 2759 1195 2827 redditurus
1208 2758 1233 2830 ⁷.
1261 2761 1385 2827 Omnes
1410 2762 1501 2826 enirn

431 2884 610 2950 astabimus
634 2894 710 2950 ante
732 2884 876 2950 tribuual
898 2883 1048 2950 Christi⁸
1070 2894 1106 2949 ut
1130 2884 1247 2950 reserat
1267 2884 1500 2968 unusquisque

430 3026 504 3093 quae
524 3026 584 3092 per
602 3025 721 3092 eorpus
742 3009 859 3092 gessit,
886 3009 955 3073 sire
978 3007 1120 3086 bonum,
1148 3010 1217 3074 sive
1239 3003 1403 3072 maluml.
1424 3006 1502 3072 Non

432 3130 544 3195 audiat
564 3130 692 3216 ajusto
714 3127 826 3215 judic'e
847 3129 935 3216 quod
961 3131 1126 3196 Dominus
1145 3133 1181 3196 in
1206 3130 1384 3217 Evangelio
1408 3148 1503 3197 servo

469 3459 496 3511 t.
515 3457 592 3527 Son,
608 3454 632 3524 i,
649 3461 674 3512 t.

470 3537 631 3608 2.1iid.,t‚
650 3541 677 3596 t.
777 3536 782 3544 '

469 3624 495 3677 ³.
517 3621 566 3676 Les
580 3621 714 3694 irretiri,
734 3619 840 3693 d'apris
854 3619 894 3675 los
910 3620 1042 3676 tertrains
1058 3619 1275 3692 erolisiastiques
1292 3619 1330 3676 do
1344 3630 1388 3676 tx·
1401 3617 1503 3685 siecle,
1593 3619 1596 3622 ’

434 3692 534 3746 itaient
556 3690 596 3746 irs
615 3690 772 3748 eorrsoilters
793 3689 912 3746 naturels
925 3689 974 3746 dos
989 3692 1051 3746 rois.
1075 3691 1141 3745 ilais
1157 3690 1293 3761 tlincmar,
1308 3705 1343 3746 eu
1360 3689 1450 3746 raison
1464 3689 1503 3745 do

434 3762 507 3886 siege
520 3761 586 3844 pu'il
604 3763 744 3833 occupat,
764 3776 793 3816 se
806 3759 969 3816 considerait
987 3766 1187 3831 commearant
1206 3760 1266 3833 plus
1299 3774 1334 3816 ue
1355 3766 1413 3815 tout
1426 3765 1504 3816 autre

435 3831 460 3887 le
491 3830 589 3888 rortde
604 3830 720 3904 prendre
735 3836 840 3902 partau
855 3830 1118 3902 gouvernenreutdu
1133 3846 1162 3886 m
1180 3845 1268 3887 auore.
1323 3830 1505 3887 minearebe·

434 3905 520 4027 rgrgue
533 3901 568 3956 de
584 3902 675 3958 liebus
685 3900 725 4027 ‚dil
739 3899 892 4027 prpterladailt
904 3900 959 4027 lclss
978 3900 1029 3999 lois
1041 3916 1076 3957 au
1089 3846 1218 3973 privilege
1231 3899 1266 3957 de
1280 3915 1371 4025 garrit
1389 3899 1430 3956 les
1440 3901 1506 4027 ‘rote

436 3971 771 4112 biiiifbillnb?
780 3986 872 4112 tit
886 3985 944 4098 in.
956 3974 1076 4110 itti,
1084 3973 1153 4099 bt
1171 3974 1293 4111 ⁸⁰in
1303 3974 1505 4097 astiti,

434 4114 557 4184 primatie
571 4127 619 4167 sur
633 4112 673 4168 les
684 4119 775 4168 rubes
786 4112 902 4183 iniquos
914 4111 950 4167 du
964 4127 1099 4182 rapaume.
1114 4113 1136 4168 ii
1150 4114 1221 4167 avait
1233 4111 1360 4183 composi
1374 4109 1400 4166 la
1419 4110 1463 4166 i'ie
1472 4109 1505 4166 tie

434 4183 502 4238 saint
518 4182 591 4238 lieni
606 4198 674 4255 pour
687 4183 808 4238 souteuir
822 4197 866 4237 ses
879 4182 1047 4253 priteutious
1060 4185 1075 4237 a
1088 4197 1201 4239 exereer
1213 4197 1267 4238 une
1281 4180 1446 4254 suprenatta
1458 4195 1506 4237 απ

434 4252 474 4308 ies
486 4259 576 4309 autres
588 4253 706 4325 pretam
718 4252 757 4308 lea
771 4251 883 4309 Fames
896 4252 1048 4309 decretales
1066 4252 1205 4310 tendaieut
1217 4267 1250 4308 ru
1266 4251 1352 4325 partie
1365 4266 1400 4316 ao
1415 4253 1505 4308 meme
