3398 5580
762 488 938 553 „afl-

774 766 912 831 XXVll.

358 1048 399 1112 Et
409 1057 445 1113 ut
456 1046 514 1111 illa
528 1043 725 1121 multitudo,
741 1063 814 1128 quas
837 1044 873 1107 in
888 1043 1009 1128 palatio
1027 1064 1157 1131 semper
1176 1066 1247 1114 esse
1263 1046 1377 1126 debet,

197 1235 199 1239 y
314 1162 537 1226 indeficienter
554 1161 728 1245 persistere
748 1167 874 1243 posset,
896 1157 951 1222 his
971 1158 1079 1223 tribus
1101 1159 1275 1226 ordinibus
1295 1161 1382 1227 love·

211 1330 224 1354 ,
313 1276 418 1341 batur.
438 1277 511 1340 Uno
522 1273 672 1339 videlieet
684 1285 720 1337 ut
731 1271 852 1356 absque
865 1273 1057 1338 ministeriis
1069 1273 1377 1368 expeditimititest,

312 1392 494 1474 anteposita
519 1388 731 1454 dominorum
760 1385 962 1470 benignitate
988 1397 1020 1451 et
1047 1387 1286 1467 sollicitudine,
1315 1409 1381 1474 qua

314 1522 403 1569 nunc
428 1505 535 1580 victa,
566 1519 657 1566 nunc
687 1501 822 1577 vestitu,
851 1518 942 1565 nunc
969 1519 1069 1578 auro,
1102 1521 1193 1567 nunc
1221 1512 1373 1587 argento,

313 1616 408 1682 modo
431 1618 527 1701 equis
540 1616 593 1682 vel
614 1616 738 1681 catoris
760 1616 984 1693 ornamentis,
1004 1615 1171 1681 interdum
1197 1617 1382 1701 specialiter

254 1769 256 1772 ⁴
311 1730 506 1815 aliquando,
521 1741 620 1816 prout
634 1739 779 1814 tempus,
803 1731 886 1793 ratio
907 1737 939 1793 ct
957 1728 1035 1794 ordo
1054 1729 1254 1815 condignam
1268 1739 1377 1816 potes·

282 1861 293 1874 ·
315 1855 410 1911 tatem
428 1842 696 1921 administrabat,
715 1844 834 1927 sapius
853 1846 1025 1928 porrectis,
1045 1844 1082 1908 in
1105 1863 1145 1910 eo
1160 1855 1272 1910 tamen
1289 1844 1381 1912 inde·

314 1958 475 2024 ficientem
501 1957 775 2038 consolationem,
810 1975 938 2022 necnon
971 1956 1012 2019 ad
1042 1957 1151 2042 regale
1180 1958 1379 2044 obsequium

312 2073 553 2137 intlammaturn
576 2074 726 2137 animum
748 2070 918 2136 ardentius
939 2091 1068 2166 semper
1089 2071 1272 2150 habebant,
1290 2073 1381 2159 quod

311 2186 385 2252 illos
409 2187 533 2271 praelati
562 2187 725 2270 capitanei
756 2184 988 2251 ministeriales
1014 2187 1162 2251 certatim
1191 2185 1313 2254 dedic
1342 2189 1379 2252 in

312 2297 417 2377 diem,
439 2318 529 2365 nunc
545 2302 641 2377 istos,
659 2318 748 2365 nunc
761 2299 835 2364 illos
848 2297 889 2365 ad
907 2302 1097 2365 mansiones
1109 2320 1187 2366 suas
1202 2300 1378 2381 vocabant,

312 2423 343 2479 ct
360 2432 427 2478 non
450 2423 515 2478 tanr
541 2414 627 2500 gulae
646 2415 819 2479 voracitate
838 2432 939 2498 quarn
958 2433 1041 2479 verre
1064 2414 1297 2480 familiaritatis
1320 2434 1380 2482 seu
1442 2450 1445 2454 ·

311 2525 496 2592 dilectionis
509 2547 638 2606 amore,
659 2537 757 2611 prout
774 2527 893 2612 cuique
907 2525 1064 2611 possibile
1082 2537 1167 2605 crat,
1188 2525 1379 2613 impendere

311 2639 499 2720 studebant,
526 2643 638 2726 sicque
661 2640 757 2706 fiebat
773 2650 810 2705 ut
831 2659 924 2705 rarus
937 2642 1078 2726 quisque
1100 2641 1189 2706 inlra
1202 2640 1378 2708 hebdoma-

311 2754 386 2820 dam
405 2766 605 2834 remaneret,
628 2757 769 2841 quinon
789 2754 830 2819 ab
848 2754 960 2839 aliquo
977 2776 1036 2844 pro
1057 2755 1249 2841 hujusmodi
1269 2755 1379 2823 studio

301 2861 553 2936 'conlocaretur

767 3148 921 3212 XXVIII.

354 3428 447 3494 Alter
462 3427 542 3493 ordo
562 3447 621 3513 per
640 3426 771 3512 singula
791 3426 975 3490 ministeria
993 3423 1165 3510 discipulis
1180 3428 1382 3514 congruebat

309 3542 384 3624 qui,
401 3542 557 3625 magistro
572 3558 634 3605 suo
651 3538 775 3622 singuli
789 3538 1010 3617 adhaerentes,
1025 3549 1058 3603 et
1070 3533 1333 3606 honorificabant
1348 3551 1383 3607 ct
1486 3545 1488 3548 ⁴

312 3651 625 3733 honorificabantur,
642 3653 786 3737 locisque
802 3650 928 3737 singuli
942 3652 1031 3732 suis,
1048 3651 1169 3738 prout²
1182 3655 1380 3737 opportuni·

311 3776 361 3832 tas
380 3767 584 3844 occurrebat,
613 3777 651 3832 ut
666 3786 685 3832 a
701 3766 835 3831 domino
852 3764 994 3831 videndo
1010 3766 1062 3831 vel
1082 3764 1282 3852 alloquendo
1298 3785 1379 3832 con-

310 3883 505 3949 solarentur.
533 3885 664 3949 Tortius
687 3882 767 3948 ordo
791 3883 871 3946 item
897 3888 966 3946 erat
995 3890 1062 3945 tarn
1087 3862 1263 3966 majorum
1276 3901 1378 3967 quam

310 3999 479 4063 minorum
493 4000 529 4063 in
547 3999 659 4083 pueris
672 3997 724 4062 vel
737 3995 869 4061 vasallis
878 3992 903 4074 ³,
918 4013 1002 4081 quos
1016 3995 1263 4080 unusquisque,
1282 4004 1381 4079 prout

349 4267 376 4323 t.
395 4267 485 4338 voyez
498 4265 524 4324 le
535 4265 656 4340 ebapitre
670 4265 775 4338 xxvt,
792 4269 856 4321 note
874 4267 901 4330 2,
916 4278 943 4338 p.
964 4266 1008 4322 oc.

348 4352 376 4406 2.
395 4351 692 4408 Busausdoanerortt.
1177 4388 1181 4395 ·

350 4436 376 4488 ³.
396 4432 427 4488 la
437 4434 527 4506 poeria
538 4433 579 4491 ael
589 4434 708 4491 rosellis.
720 4432 794 4488 Nous
810 4430 962 4488 traduisons
975 4444 1021 4486 ees
1037 4428 1108 4486 deor
1124 4436 1194 4486 mets
1211 4444 1260 4504 par
1276 4426 1303 4484 lc
1321 4425 1381 4486 seul
