3398 5580
760 391 937 454 ...20-

316 531 507 617 hujusmodi
535 527 790 596 ministeriales¹
818 525 1030 595 substituant.
1062 529 1104 593 Et
1130 529 1322 615 quicunque
1345 532 1385 602 iit

315 639 408 702 omni
427 635 543 702 ordine
563 645 595 701 et
614 635 817 720 professione
839 637 875 699 iii
895 633 1122 701 dominatione
1139 636 1387 700 constituuntur

316 752 348 809 et
368 741 496 807 domini
517 742 737 826 appellantur,
765 740 849 804 sicut
872 748 1005 804 sanctus
1029 739 1219 824 Cyprianus
1240 741 1275 802 in
1297 749 1385 806 sexto

315 847 496 912 Abusionis
509 845 613 930 gradu
628 845 846 922 demonstrat,
865 844 1104 909 dominationis
1117 847 1290 922 virtutem,
1308 862 1383 910 auc·

314 963 383 1017 tore
400 962 432 1017 et
447 960 656 1036 cooperatore
672 952 834 1027 Domino,
854 958 1004 1026 teneant;
1027 973 1044 1008 ti
1061 951 1158 1034 quia,
1179 948 1263 1013 nihil
1282 949 1383 1035 pioll-

314 1060 359 1123 cit
380 1055 574 1122 dominandi
598 1054 718 1121 habere
747 1064 959 1139 potestatem,
986 1056 1014 1119 si
1041 1053 1199 1119 dominus
1220 1056 1291 1139 ipse
1317 1073 1384 1120 non

313 1162 432 1227 habeat
449 1170 480 1225 et
495 1162 625 1226 virtutis
642 1163 794 1244 rigorem.
822 1159 886 1224 Sed
903 1159 959 1225 hic
974 1161 1107 1223 virtutis
1123 1161 1213 1244 rigor
1232 1178 1298 1225 non
1318 1170 1385 1226 tam

314 1268 462 1334 exteriori
484 1266 697 1344 tortitudine,
726 1285 799 1351 quai
829 1263 883 1331 et²
911 1266 983 1350 ipsa
1010 1264 1222 1330 sacularibus
1240 1263 1386 1331 dominis
1412 1341 1419 1348 ,

315 1375 496 1438 necessaria
515 1381 580 1449 est,
600 1371 745 1455 indiget,
764 1390 863 1456 quani
883 1371 987 1434 animi
1006 1371 1158 1436 interiori
1175 1370 1383 1450 fortitudine,

313 1480 410 1544 bonis
426 1477 590 1557 moribus,
614 1478 756 1543 exerceri
776 1475 887 1554 debet3
905 1495 989 1561 sape
1003 1477 1095 1541 enirn
1116 1476 1310 1542 dominandi
1327 1497 1387 1564 per

313 1584 417 1648 animi
432 1583 673 1668 neglegentiam
691 1580 840 1667 perditui
858 1580 1024 1646 tortitudo.
1046 1582 1123 1647 Tria
1139 1602 1217 1668 ergo
1236 1586 1384 1651 neccssa-

313 1691 364 1754 ria
378 1688 440 1754 hos
455 1691 512 1773 qui
531 1688 745 1754 dominantur
763 1686 883 1751 babere
902 1697 1045 1771 oportet,
1070 1696 1225 1753 terrorem
1243 1689 1384 1766 scilicet,

313 1804 345 1860 et
362 1793 623 1869 oidinationem,
644 1803 676 1859 et
693 1812 850 1858 amorem.
873 1794 948 1858 Nisi
970 1794 1061 1857 eniin
1080 1803 1210 1859 ametur
1229 1794 1387 1860 domiuus

312 1901 435 1985 pariter
446 1907 665 1976 etnietuatur,
677 1897 841 1962 ordinatio
857 1898 996 1962 minime
1006 1906 1156 1963 constare
1165 1899 1257 1963 illius
1267 1909 1384 1985 potest.

314 2005 378 2070 Per
395 2003 553 2069 beneficia
568 2023 645 2089 ergo
662 2013 694 2068 et
708 2003 934 2068 allabilitateni
948 2013 1099 2087 procuret
1117 2014 1152 2067 ut
1168 2004 1338 2088 diligatur,
1354 2015 1387 2071 et

312 2129 369 2195 pei
385 2110 492 2194 Justas
510 2109 688 2187 vindictas,
712 2128 779 2174 non
802 2110 942 2194 propriae
958 2109 1108 2193 injuriae,
1127 2108 1184 2173 sed
1203 2109 1286 2194 legis
1303 2111 1383 2190 Dei,

313 2214 441 2284 studeat
459 2223 496 2278 ut
517 2224 692 2280 metuatur.
716 2215 893 2298 Propterea
913 2233 1063 2299 quoque,
1086 2212 1166 2278 dum
1187 2215 1285 2279 inulti
1305 2236 1384 2301 pen·

313 2320 391 2385 dent
407 2322 444 2383 in
467 2338 526 2399 eo,
550 2322 622 2405 ipse
639 2322 708 2385 Deo
725 2318 890 2385 adherere
908 2317 1018 2397 debet,
1035 2320 1095 2404 qui
1115 2319 1213 2385 illum
1230 2322 1266 2385 in
1284 2320 1385 2388 duca·

313 2437 382 2490 tum
406 2426 597 2502 constituit,
623 2427 681 2510 qui
702 2424 743 2489 ad
762 2423 923 2509 portanda
945 2424 1127 2491 multorum
1151 2444 1252 2490 onera
1273 2428 1385 2511 ipsum

312 2532 413 2596 veluti
434 2530 600 2595 fortiorem
622 2529 786 2595 solidavit.
808 2529 955 2594 Paxillus
975 2530 1087 2607 eninr,
1112 2531 1179 2596 nisi
1197 2529 1282 2598 liene
1303 2531 1385 2599 lorte

313 2636 462 2702 firmetur
476 2646 507 2700 et
520 2635 621 2700 alicui
639 2635 765 2700 lortiori
782 2635 962 2711 adhaereat,
981 2653 1081 2700 omne
1093 2634 1181 2721 quod
1199 2638 1235 2700 in
1250 2656 1288 2702 eo
1301 2656 1385 2721 pen·
1467 2647 1471 2655 '

312 2741 365 2806 det
378 2743 442 2806 cito
461 2739 594 2817 labitur,
612 2742 727 2826 etipse
742 2741 871 2805 solutus
885 2760 904 2803 a
918 2741 1026 2824 rigore
1042 2759 1110 2805 suae
1128 2742 1293 2807 firmitatis
1307 2762 1383 2809 cum

312 2846 469 2913 oneribus
492 2845 533 2910 ad
561 2856 679 2910 terrain
703 2845 878 2912 delabitur.
907 2846 962 2910 Sic
981 2854 1013 2910 et
1032 2840 1206 2932 princeps,
1235 2849 1300 2914 uisi
1323 2866 1384 2914 suo

312 2950 473 3018 oontlitori
498 2952 708 3035 pertinaciter
734 2949 924 3029 adhaeserit,
950 2951 1096 3034 etipse,
1123 2960 1156 3017 et
1176 2971 1276 3018 omne
1296 2953 1384 3038 quod

312 3058 476 3134 continet,
498 3058 562 3122 cito
585 3054 745 3140 deperiti.
768 3079 785 3116 r
808 3055 849 3119 Et
869 3057 949 3120 sciat
970 3055 1075 3141 quod,
1097 3057 1183 3121 siout
1202 3060 1239 3123 iii
1260 3060 1385 3143 princi·

313 3172 391 3248 patu
420 3160 597 3226 hominum
624 3163 753 3246 primus
778 3163 976 3226 constitutus
1001 3171 1069 3240 est,
1098 3164 1144 3226 ita
1168 3182 1385 3250 quoscunque

312 3276 494 3353 peccateres
513 3266 628 3333 subse
646 3267 851 3350 inpraesenti
872 3265 1007 3344 habuit,
1029 3268 1095 3333 nisi
1114 3287 1149 3335 se
1169 3276 1202 3334 et
1223 3268 1297 3335 illos
1311 3288 1384 3336 eoi·-

312 3373 447 3446 rexerit,
477 3391 577 3456 supra
600 3391 634 3437 se
660 3371 758 3436 modo
781 3369 982 3456 implacabili
1008 3374 1044 3436 in
1072 3373 1130 3438 illa
1154 3373 1265 3439 lutura
1286 3394 1384 3460 poena
1525 3419 1529 3424 -

312 3475 457 3542 habebit.
994 3463 1002 3486 ⁶
1177 3463 1180 3469 ¹
1355 3495 1357 3502 ·
1422 3483 1424 3487 ’

348 3908 373 3960 t.
394 3906 459 3962 Bien
479 3920 531 3978 que
548 3904 573 3961 le
589 3911 644 3960 iiiot
664 3905 850 3962 miiititertetei
867 3903 988 3961 s'etende
1005 3905 1105 3977 parteis
1123 3909 1138 3962 i
1158 3912 1219 3965 totis
1233 3909 1273 3965 les
1287 3915 1385 3981 agents

313 3989 412 4057 roi-aiii
428 3976 502 4046 (8⁰2,
518 3974 820 4058 capitulareoitisioriiie
838 3973 979 4057 generale,
994 3975 1008 4046 ᾖ
1023 3977 1077 4057 lit:
1098 3997 1113 4025 ii
1128 3978 1294 4059 ...Similiter
1305 3985 1334 4035 et
1348 3979 1384 4037 de

312 4045 455 4128 comitibus
469 4045 510 4100 sel
533 4052 708 4108 centenariis.
725 4045 945 4129 ministerialibus
959 4051 1092 4128 nostris...
1109 4067 1123 4095 r
1140 4047 1280 4117 Boretius,
1301 4049 1385 4121 Copt-

312 4114 913 4268 {l'lllttl‘litii'tllililili‘lli
929 4113 992 4267 tlt
1006 4114 1384 4259 ttttltttttlt‘tt‘tt

313 4259 401 4311 tontes
419 4261 506 4311 sortes
524 4255 559 4311 de
576 4255 727 4337 fonctions..
740 4257 827 4338 ipris
842 4254 866 4310 le
886 4267 918 4310 x·
935 4254 1034 4337 titolo,
1054 4270 1085 4311 ee
1101 4259 1187 4338 terme
1201 4270 1274 4311 ressa
1293 4255 1380 4338 d'itro

312 4323 435 4398 employt
448 4340 482 4381 eii
498 4325 600 4382 Franco
615 4341 683 4399 potii·
697 4325 824 4399 designor
839 4339 893 4383 une
907 4324 1041 4399 categoria
1060 4323 1177 4399 speciale
1189 4323 1224 4382 de
1246 4324 1382 4383 lonctton·
