3398 5580
916 395 961 406 .-
986 357 1025 420 10
1037 350 1092 403 ’..

469 503 556 568 malo
576 511 609 568 et
626 504 720 588 pigro
740 520 975 587 responsurum
993 518 1028 564 se
1050 498 1180 576 latetur,
1201 495 1258 563 sed
1276 496 1391 564 audire
1410 516 1537 564 merea·

391 662 397 671 ·
471 628 523 682 tur
541 638 550 681 :
571 643 588 677 ι
606 615 716 701 Euge!
733 637 824 682 serve
837 616 923 681 hene
934 624 967 680 et
980 612 1105 691 fidelis3
1123 613 1203 697 quia
1215 631 1316 696 super
1325 631 1430 699 pauca
1444 611 1539 678 luisti

469 730 593 810 fidelis,
627 749 728 814 supra
757 730 861 794 multa
889 738 919 793 te
945 728 1160 805 constituam
1195 727 1283 790 iutra
1310 727 1346 791 in
1372 723 1535 810 gaudium

464 846 610 910 'Domini
628 846 677 908 tui
691 842 752 910 ¹.»
1132 831 1140 844 ⁶

980 1199 1035 1262 lV.

494 1420 672 1503 ''legimus
695 1419 730 1480 iu
754 1426 866 1482 sancta
891 1416 1059 1499 Scriptura
1087 1415 1214 1481 Veteris
1237 1416 1438 1481 Testamenti
1462 1416 1542 1500 quia
1584 1440 1594 1451 ‘

474 1533 580 1599 David
599 1553 652 1598 rex
670 1530 770 1597 simul
788 1539 821 1595 et
839 1529 1011 1614 propheta,
1034 1529 1250 1614 praefigurans
1272 1529 1446 1596 dominum
1468 1548 1541 1595 uos·

473 1659 560 1710 trum
583 1647 700 1712 desum
724 1643 910 1720 Christum,
938 1645 997 1727 qui
1020 1642 1111 1708 solus
1132 1663 1188 1708 rex
1213 1644 1314 1708 simul
1338 1653 1371 1708 et
1393 1641 1543 1710 sacerdos

474 1761 545 1826 sieri
571 1762 693 1845 potuit,
717 1758 799 1824 duos
825 1761 860 1822 in
890 1756 1111 1822 sacerdotibus
1131 1757 1266 1824 ordines
1291 1760 1480 1834 constituit,
1507 1760 1542 1821 in

369 1887 372 1891 ’
473 1877 615 1940 summis
633 1873 782 1938 videlicet
801 1872 1012 1957 pontificibus
1027 1884 1059 1938 et
1077 1874 1112 1936 in
1134 1875 1274 1938 minoris
1289 1872 1418 1939 ordinis
1435 1891 1543 1963 sacer·

473 1989 622 2066 dotibus,
638 1989 711 2072 qui
742 2006 834 2052 uunc
859 1986 1104 2071 presbyteratus
1131 1986 1318 2072 iunguntur
1349 1988 1478 2065 ellicio;
1506 2006 1545 2052 ea

475 2103 625 2169 uidelicet
638 2103 825 2187 pluvisione
844 2113 896 2178 ut,
912 2099 990 2165 dum
1005 2102 1145 2187 quilibet
1161 2101 1355 2186 pontificum
1372 2103 1439 2165 vita
1454 2099 1544 2167 dece·

475 2217 580 2295 deret,
613 2219 802 2302 quicunque
833 2215 1034 2281 sacerdotum
1068 2219 1213 2301 optimus
1242 2226 1412 2300 putaretur
1443 2217 1475 2280 ei
1508 2217 1544 2279 in

474 2333 700 2418 pontificatum
720 2330 903 2397 succederet
913 2329 939 2394 ².
962 2333 1002 2395 Et
1023 2334 1059 2395 in
1086 2333 1179 2398 Novo
1204 2333 1413 2397 Testameuto
1434 2327 1544 2395 domi·

476 2467 540 2513 nus
566 2459 675 2513 noster·
699 2447 797 2512 lesus
826 2446 975 2511 Christus
1000 2445 1040 2511 de
1065 2445 1280 2510 multitudine
1306 2444 1545 2528 discipulorum

477 2581 633 2639 suorum,
665 2563 749 2626 sicut
779 2562 816 2624 in
847 2559 1024 2644 Evangelio
1053 2561 1216 2644 legimus,
1247 2557 1420 2623 duodecim
1448 2556 1546 2643 elegit

475 2696 560 2763 quos
579 2688 611 2741 et
629 2675 802 2760 Apostolos
827 2675 1008 2739 nominavit
1021 2671 1045 2737 ³.
1066 2675 1192 2739 Horum
1213 2675 1248 2738 iu
1270 2673 1415 2739 Ecclesia
1435 2672 1544 2738 locum

479 2802 593 2857 tenent
617 2792 760 2875 episcopi
776 2786 801 2867 ⁴,
826 2791 910 2854 sicut
931 2807 1021 2854 saera
1046 2790 1216 2874 Scriptura
1236 2798 1267 2853 et
1291 2786 1444 2854 catholici
1468 2784 1546 2872 doe·

480 2918 565 2973 tores
583 2903 771 2971 ostendunt.
791 2906 982 2989 Desiguaiit
997 2906 1096 2968 etiam
1112 2904 1197 2968 alios
1212 2903 1419 2989 septuaginta
1437 2900 1548 2967 duos⁵

463 2997 555 3106 qui,
580 3020 643 3086 suh
661 3018 832 3085 duodecim
853 3017 1025 3102 apostolis,
1047 3018 1185 3100 liguram
1207 3016 1490 3103 presbyterorum,
1514 3015 1548 3080 id

520 3291 545 3340 ι.
566 3267 758 3354 unct.,'rtW,
773 3255 832 3339 us

516 3375 542 3425 2.
563 3371 598 3424 he
613 3367 729 3439 premier
740 3366 834 3422 devoir
844 3363 880 3420 du
895 3364 933 3420 roi
946 3368 987 3419 est
997 3363 1032 3419 de
1045 3365 1190 3420 ruaiutenir
1204 3363 1228 3418 lu
1242 3361 1392 3419 hierarchis
1406 3361 1547 3420 ecclesiat-

482 3441 556 3512 tique
570 3445 597 3493 ut
615 3435 749 3492 d'assurer
762 3435 948 3492 l'ohserration
967 3433 1015 3489 des
1028 3434 1117 3506 regies
1134 3435 1299 3506 canoniques
1314 3431 1444 3488 touchant
1455 3432 1550 3490 l'elec·

483 3511 539 3566 tion
554 3507 603 3564 des
616 3507 749 3578 cuiquem
764 3506 804 3562 les
817 3506 934 3577 ireques
946 3504 1057 3560 doivent
1076 3509 1133 3560 etre
1148 3506 1204 3577 pris
1241 3504 1307 3560 armi
1322 3502 1363 3559 les
1377 3505 1502 3574 prestes,
1521 3509 1550 3561 et

482 3581 567 3653 parmi
588 3579 628 3635 les
646 3582 749 3649 pretres
767 3576 804 3633 du
824 3575 930 3632 diocese
946 3598 952 3630 :
972 3574 1006 3629 tel
1026 3581 1069 3630 est
1087 3575 1112 3630 le
1130 3590 1194 3630 sens
1231 3589 1247 3630 ιι
1264 3573 1384 3646 chapitre
1400 3573 1436 3631 tv
1452 3579 1481 3630 et
1499 3574 1551 3631 des

484 3649 615 3706 suitaots.

518 3737 544 3788 ³.
566 3756 580 3781 ι
595 3732 701 3786 Etcum
716 3728 774 3785 dies
788 3728 872 3784 luctus
883 3731 970 3795 esset,
985 3730 1090 3784 vocavit
1102 3725 1251 3801 discipulos
1262 3743 1326 3785 suos
1340 3733 1368 3783 et
1381 3725 1466 3799 elegit
1480 3726 1550 3784 dro-

481 3803 619 3860 decimes
636 3801 715 3872 ipsis,
729 3814 798 3873 quos
810 3804 838 3856 et
849 3798 983 3871 apostolos
998 3800 1155 3855 nominavit.
1172 3819 1187 3848 ι
1204 3798 1297 3869 (hec,
1309 3799 1355 3863 li,
1369 3799 1427 3868 13.)
1499 3805 1502 3808 ’

520 3888 546 3942 t.
566 3884 643 3940 Saiut
659 3882 772 3954 Csprieu
794 3898 810 3937 a
830 3879 946 3937 assiruili
959 3880 1000 3936 les
1013 3881 1131 3954 e'r‘eques
1142 3897 1195 3937 aux
1213 3883 1321 3954 apttres
1337 3903 1343 3936 ε
1361 3904 1375 3929 ι
1395 3881 1551 3939 llcmiuisse

483 3963 573 4012 autom
589 3954 694 4009 diaconi
712 3952 812 4008 dehent
829 3952 954 4024 quouinm
968 3951 1117 4023 apostolos,
1138 3950 1164 4007 id
1182 3958 1224 4008 est
1237 3952 1379 4023 episcopos
1398 3956 1427 4007 et
1443 3966 1552 4077 prepo-

484 4028 551 4081 sitos
588 4025 717 4079 liominus
749 4022 864 4094 eliiqit...
902 4042 915 4071 ι
957 4025 1005 4088 ts.
1041 4021 1169 4104 Cypriani
1203 4021 1353 4104 Epistola,
1396 4022 1441 4078 tx
1473 4062 1484 4105 3
1516 4027 1551 4092 ὃς

485 4095 591 4176 Petrei..
607 4093 668 4162 tat„
684 4092 736 4149 rol.
749 4093 796 4157 tt,
811 4092 862 4148 rol.
879 4094 940 4148 tot.
950 4103 980 4174 tu
990 4093 1023 4175 Et
1034 4093 1249 4175 saintlugustru
1263 4092 1307 4175 dit
1315 4115 1321 4148 :
1339 4112 1351 4142 ι
1371 4092 1458 4175 hfemo
1472 4107 1552 4176 iquo-

485 4161 1553 4305 ‘³²ttttthilitttttllttlt'‘littelffitltlttttlt‘t!

483 4251 576 4378 (εἴρω.
604 4324 615 4356 ι
645 4303 689 4376 (S.
714 4304 861 4376 Augusto,
891 4302 1052 4369 Quartum
1078 4317 1113 4359 ea
1137 4301 1208 4360 Noto
1237 4303 1416 4372 latratum
1445 4248 1550 4361 nocht.
