3398 5580
760 408 974 480 -diss

316 560 423 625 ullum
437 561 588 636 oriretur,
605 577 718 622 verum
734 558 831 620 etiam
847 564 955 621 ortum
975 563 1034 620 aut
1051 556 1234 652 imminens
1254 552 1382 619 utiliter

315 693 372 747 ant
389 683 534 766 mitigari
551 690 608 744 ant
621 679 770 744 funditus
786 680 932 763 extingui
951 686 1009 743 aut
1026 678 1125 743 etiam
1143 676 1240 743 evelli
1256 677 1380 762 potuis·

316 814 375 870 set.
396 806 431 884 Si
451 823 527 869 vero
551 804 625 868 talis
646 811 729 868 esset
749 821 846 866 rausa
870 784 907 864 ut
931 800 1094 867 velocitati
1118 801 1322 876 immineret,
1349 807 1382 863 et

316 937 424 990 tamen
453 925 660 1008 aliquatenus
686 942 791 1007 usquo
819 920 860 985 ad
889 917 1040 1006 generale
1065 920 1223 1007 placitum
1250 938 1381 1005 quoquo

315 1059 408 1132 pacto
439 1048 613 1111 sustentari
642 1046 693 1112 vel
722 1047 796 1110 sine
829 1054 957 1128 peccato
989 1052 1047 1108 aut
1077 1046 1150 1109 sine
1180 1041 1382 1110 contumelia

315 1172 491 1254 potuisset,
521 1171 585 1254 ipsi
613 1166 747 1232 modum
775 1166 922 1251 ejusdem
949 1167 1200 1233 sustentationis
1227 1185 1265 1231 ex
1293 1183 1379 1250 prae·

314 1293 400 1358 dicto
424 1292 540 1377 majori
562 1311 626 1356 usu
648 1290 826 1355 consilium
852 1259 953 1354 dandi
970 1291 1104 1368 scirent,
1120 1300 1164 1369 et,
1180 1289 1379 1374 sapientiam
1456 1296 1459 1300 “

314 1417 462 1500 priorum
490 1416 607 1478 inritati
620 1414 642 1491 ¹,
669 1414 787 1497 placite
812 1414 880 1477 Deo
905 1423 937 1478 et
961 1412 1087 1478 utiliter
1109 1430 1211 1498 regno
1246 1411 1380 1477 interim
1416 1451 1419 1456 -

317 1535 517 1625 [consilinm]
542 1536 619 1602 dare
639 1538 833 1620 potuissent.
858 1535 1070 1600 Praelatorum
1091 1524 1202 1600 autem
1223 1534 1380 1601 consilia·

315 1662 441 1724 riorum
464 1662 620 1736 intentio,
644 1657 776 1744 quando
796 1657 837 1722 ad
860 1657 1018 1742 palatium
1040 1657 1314 1735 convocabantur,
1342 1658 1380 1721 in

314 1782 376 1849 hoc
402 1784 563 1867 praecipue
592 1781 735 1866 vigebat,
764 1790 802 1844 ut
829 1800 895 1846 non
925 1779 1082 1875 speciales
1108 1780 1161 1846 vel
1189 1779 1384 1865 singulares

314 1924 527 1992 quascunque
552 1905 604 1970 vel
631 1909 913 1990 quorumcumque
941 1922 1075 1983 causas,
1105 1902 1161 1970 sed
1190 1923 1251 1970 nec
1281 1904 1380 1968 etiam

314 2029 447 2093 illorum
470 2030 527 2114 qui
549 2034 608 2112 pro
628 2027 894 2093 contentionibus
920 2048 1029 2094 rerum
1054 2038 1112 2094 aut
1133 2027 1246 2114 legum
1265 2027 1380 2093 venie·

314 2151 393 2216 bant
415 2148 628 2217 ordinarent²
648 2170 821 2235 quousque
841 2151 898 2215 illa
919 2131 992 2237 ‹iuae
1014 2153 1211 2237 generaliter
1228 2148 1270 2215 ad
1289 2149 1381 2215 salu·

316 2282 379 2338 tem
396 2272 447 2337 vol
466 2282 586 2337 statum
604 2274 689 2356 regis
707 2281 739 2337 et
756 2273 848 2357 regni
863 2272 1092 2358 pertinebant,
1115 2273 1259 2338 Domino
1278 2272 1380 2337 mise·

314 2405 425 2473 rante,
446 2394 596 2459 ordinata
616 2394 824 2473 habuissent,
845 2405 877 2461 et
896 2404 976 2462 tnnc
992 2393 1195 2474 demum,·si
1216 2394 1299 2461 lorte
1317 2393 1380 2460 tale
1420 2439 1425 2446 -

314 2517 457 2603 aliquid,
478 2517 598 2582 domno
615 2537 689 2602 rege
705 2519 931 2603 precipiente,
949 2518 1185 2585 reservandum
1204 2526 1272 2583 erat
1289 2516 1378 2603 quod

315 2642 387 2706 sine
400 2660 513 2706 eorum
526 2650 611 2706 certa
624 2639 883 2706 consideratione
896 2640 1110 2708 determinari
1123 2662 1143 2707 a
1157 2642 1276 2707 comite
1290 2638 1378 2726 pala·

315 2764 367 2839 tii,
388 2762 474 2828 sela
489 2764 629 2840 arteris,
651 2762 773 2848 quibus
788 2763 1026 2849 congruebant,
1047 2782 1115 2830 uon
1140 2765 1312 2848 potuisset.

773 3009 927 3076 xrtxrv.
1324 3062 1332 3096 ,

361 3253 512 3319 Proceres
526 3272 602 3318 vero
619 3252 781 3338 praedicti,
797 3256 865 3320 sive
882 3256 918 3319 in
934 3254 1012 3333 hoc,
1034 3258 1154 3322 sivein
1170 3256 1229 3322 illo
1247 3257 1381 3342 praelato

318 3375 452 3459 placito,
478 3379 560 3461 quin
587 3384 619 3441 et
639 3379 739 3462 primi
766 3376 952 3444 senatores³
978 3379 1090 3464 regni,
1120 3399 1163 3446 ne
1189 3382 1283 3465 quasi
1309 3382 1383 3447 sins

354 3637 379 3690 t.
400 3636 510 3691 ltusaeus
520 3634 610 3693 donne
623 3625 732 3695 imitari.

354 3721 379 3772 2.
401 3719 450 3773 Les
459 3718 620 3775 assembldcs
630 3719 844 3803 carolingionnes
856 3720 961 3778 avaient
972 3721 1021 3779 des
1034 3723 1206 3780 attributions
1214 3723 1381 3796 judicisiras.

319 3786 390 3842 Elles
413 3789 609 3845 connaissaient
635 3788 684 3845 des
708 3805 806 3848 crimes
840 3790 874 3847 do
898 3791 1094 3864 lese-maieste,
1120 3808 1155 3850 ou
1183 3792 1218 3851 da
1244 3810 1314 3851 ceux
1335 3795 1383 3869 qni

320 3857 452 3926 portoient
470 3860 582 3914 atteinte
602 3862 617 3914 t
643 3859 667 3914 la
690 3861 780 3917 strete
802 3861 837 3918 dc
858 3861 945 3919 l'litat.
975 3864 1027 3918 [tes
1052 3862 1152 3936 grands
1173 3864 1208 3921 do
1228 3863 1385 3923 illustratis

319 3926 416 3982 s’ttant
437 3927 567 3999 rdt'oltds,
585 3928 618 3984 ils
643 3928 732 3985 iurent
752 3932 840 4002 priris
861 3930 895 3986 de
914 3931 987 3988 leurs
1007 3932 1126 4004 diguitis
1139 3938 1167 3990 et
1183 3932 1382 3992 condemnent

350 3995 416 4053 rdre
436 3997 460 4052 la
480 4011 545 4066 suc,
564 4013 598 4054 en
616 4004 691 4054 serto
706 3999 788 4057 d'une
801 4000 919 4057 decision
935 4018 965 4057 ro
977 4001 1024 4058 alo
1043 4004 1114 4075 prise
1127 4002 1196 4061 dans
1209 4020 1264 4062 uns
1279 4020 1384 4062 assem

338 4064 379 4121 loo
393 4072 475 4123 tenuo
495 4070 510 4122 t
526 4067 635 4124 Wornrs
655 4084 688 4125 en
707 4074 769 4125 aottt
791 4073 851 4128 786.
875 4071 963 4141 (Arno
975 4073 1259 4148 concretionem,
1279 4090 1305 4132 s.
1319 4079 1384 4148 lto,

320 4136 407 4206 Perta,
427 4137 569 4208 scriptor,
597 4142 616 4194 t.
639 4139 660 4205 l,
683 4155 708 4210 p.
732 4141 788 4208 32.)
810 4143 850 4196 En
863 4144 924 4205 78⁸.
943 4143 1075 4211 Tassilon,
1093 4144 1139 4217 qui
1158 4146 1230 4201 avait
1248 4144 1320 4202 violi
1340 4160 1386 4203 sos

319 4211 463 4277 serments,
482 4223 540 4263 cont
577 4212 619 4263 rut
636 4207 735 4265 devant
750 4225 804 4265 unc
821 4210 968 4268 assemblda
982 4213 1109 4284 generale
1141 4214 1169 4270 ui
1187 4213 1214 4271 le
1231 4215 1382 4273 condamus

276 4282 281 4289 ·
320 4276 336 4329 t
364 4281 442 4332 mort.
469 4277 662 4347 Charetnagne
687 4294 717 4334 se
740 4285 864 4336 contenis
890 4278 975 4338 dele
1001 4282 1068 4340 latro
1090 4230 1227 4341 eniermer
1253 4284 1384 4343 drusun

320 4349 482 4403 monastero.
511 4348 638 4415 (bruta
665 4349 906 4417 laurissensem.
932 4354 997 4422 itt,
1029 4354 1117 4425 Perta,
1143 4355 1286 4427 scriptor„
1312 4361 1333 4413 t.
1358 4356 1393 4430 l,
