3398 5580
694 403 915 497 '·-‘ts-

780 736 885 803 xvtt.

352 1021 394 1086 Et
410 1021 558 1106 quamvis
577 1019 638 1085 suh
654 1020 736 1106 ipsis
755 1028 811 1083 out
827 1038 864 1084 ex
886 1015 984 1083 latero
1001 1036 1114 1082 corum
1133 1017 1192 1082 alii
1212 1017 1361 1083 ministe-

310 1143 406 1210 riales
428 1145 576 1222 fuissent,
593 1142 648 1208 ut¹
672 1141 860 1219 ostiarius&
881 1138 1115 1220 saccellarius³,
1128 1137 1359 1226 dispensatum,

312 1264 531 1353 scapoardus⁵‚
541 1267 591 1333 cel
603 1285 872 1353 quorumcunque
887 1285 924 1330 ox
936 1267 984 1331 cis
991 1265 1151 1350 juniores,
1164 1273 1221 1329 aut
1233 1260 1365 1330 docani⁶

313 1392 464 1468 fuissent,
478 1390 528 1456 vel
543 1393 638 1457 etiam
655 1390 711 1455 alii
724 1410 760 1456 ex
774 1388 888 1467 latere,
906 1390 990 1454 sicut
1001 1388 1137 1453 bersarii
1145 1385 1169 1470 ⁷,
1188 1387 1329 1453 veltrarii
1337 1385 1363 1467 ⁸,

313 1515 469 1582 beverarii
477 1511 502 1594 ⁹,
531 1514 582 1580 sel
609 1515 721 1599 siqui
748 1512 855 1578 adhuc
868 1521 1075 1599 supereraut3
1095 1520 1318 1578 verumtamen
1327 1509 1363 1589 ¹⁰,

313 1640 462 1724 quamvis
484 1646 515 1704 et
537 1639 602 1723 ipsi
626 1637 769 1721 singuli,
786 1637 877 1722 juxta
901 1656 995 1701 suam
1013 1634 1220 1721 qualitatem,
1244 1634 1368 1703 adhoc

314 1763 433 1828 intenti
451 1772 573 1840 essent,
596 1781 662 1828 non
681 1772 787 1827 tamen
804 1760 845 1825 ad
858 1779 930 1838 eos,
949 1762 1034 1826 sicut
1048 1758 1088 1824 ad
1103 1770 1235 1826 caeteros
1248 1763 1367 1845 priuci-

316 1884 443 1972 paliter‚
462 1897 498 1951 ut
512 1885 623 1952 subter
637 1887 795 1951 insertum
811 1893 877 1962 est¹
895 1885 991 1949 totius
1006 1885 1099 1969 regni
1112 1874 1367 1950 consudet-atton

317 2011 353 2074 in
367 2009 545 2095 maJ’oribus
558 2009 607 2075 vel
622 2008 806 2075 minoribus
819 2009 960 2094 singuiis
973 2008 1156 2094 quibusque
1170 2007 1371 2095 quotidianis

353 2285 378 2336 t.
398 2283 506 2338 Busaeus
521 2278 611 2337 donne
624 2283 660 2336 et.

357 2368 382 2421 2.
402 2363 532 2422 Ostioriac
545 2363 656 2435 designo
671 2363 703 2418 ici
715 2361 741 2419 tc
754 2366 848 2419 mettre
857 2362 905 2419 des
915 2361 1054 2430 huissicrs,
1065 2378 1107 2420 uro
1125 2364 1374 2433 iterationem,

323 2450 418 2492 encore
431 2434 471 2490 ‹iit
491 2435 558 2491 dans
577 2434 617 2490 ies
636 2439 725 2516 textos
746 2449 857 2516 summus
872 2434 995 2516 ostiarius
1014 2438 1041 2490 ct
1060 2378 1227 2508 quoiqueiois
1245 2435 1330 2492 morio
1347 2440 1376 2492 ct

323 2505 415 2562 ceditis.
439 2507 509 2562 Dans
529 2505 569 2562 tes
587 2505 753 2561 ceremomes
771 2504 790 2560 ri
809 2508 906 2560 survart
927 2503 952 2561 le
973 2506 1028 2576 roi,
1047 2521 1084 2561 uu
1105 2504 1184 2561 leton
1205 2504 1264 2562 tta
1287 2504 1374 2571 main,

322 2575 415 2704 ¹taqiit¹
423 2575 504 2650 qu'uu
517 2575 552 2633 de
566 2591 609 2633 scs
621 2573 819 2643 subordonnes,
839 2573 983 2648 precedant
998 2575 1023 2632 te
1038 2577 1161 2649 cortem,
1175 2575 1262 2634 taisait
1272 2575 1375 2635 &arms

334 2663 349 2704 a
372 2662 441 2705 oue.

550 2739 563 2766 ι
584 2715 762 2773 Adhaihuitus
774 2715 851 2773 adest
863 2718 966 2789 fertque
981 2731 1060 2773 mauu
1076 2715 1201 2788 seruiunt,

516 2789 633 2846 Percutit
645 2788 842 2861 instantesque,
855 2790 924 2846 tiam
936 2788 1073 2860 componit
1083 2786 1185 2846 honoro

548 2858 661 2916 (aseris
675 2864 702 2915 et
716 2874 870 2932 procerum,
884 2857 1006 2931 conjugis
1017 2862 1046 2915 et
1059 2858 1166 2916 sobolis.

555 3040 755 3058 ............
760 3001 870 3083 (Jerung
883 3001 971 3075 pergit
984 3004 1012 3083 et
1023 3000 1081 3082 ipse
1092 3001 1165 3082 prior

518 3072 625 3143 virgam
638 3075 804 3144 increpent,
819 3086 929 3128 servans
941 3076 1052 3142 uestigia
1064 3086 1093 3126 re
1120 3085 1143 3128 s.
1165 3091 1179 3122 ι

330 3141 460 3212 (Erucio.
483 3141 591 3214 nepotc..
612 3141 631 3198 Ι.
658 3143 704 3212 lv,
721 3143 812 3198 tutos
839 3148 867 3199 ct
893 3142 962 3198 suiv.
994 3141 1056 3198 tice.
1101 3156 1129 3196 cs
1155 3141 1269 3211 notor„
1287 3145 1307 3198 t.
1331 3143 1378 3213 vt,

329 3185 1379 3354 tcttsttututctuetustiusttttttunttn

330 3368 503 3428 aucornpagua
518 3354 543 3411 ie
554 3354 636 3421 ioune
656 3354 778 3412 Lethaire
795 3370 829 3410 en
842 3327 921 3411 'ltatie
940 3358 968 3410 ct
985 3367 1121 3424 gonterus
1139 3368 1188 3409 sou
1209 3367 1332 3425 royaume
1343 3350 1379 3411 tis

331 3431 437 3480 concert
462 3441 526 3482 aree
548 3425 637 3482 wate.
660 3424 731 3483 C'est
755 3440 852 3482 encore
878 3440 912 3482 au
939 3427 1033 3480 mettre
1054 3422 1103 3480 des
1127 3422 1255 3480 iuissiers
1277 3438 1330 3497 quc
1349 3438 1379 3482 sc

331 3502 465 3567 rapporte,
480 3495 584 3568 d'aprcs
594 3496 695 3567 waitz,
708 3511 745 3552 uu
759 3511 870 3569 passage
877 3495 913 3553 de
923 3492 1071 3552 Theoduiie
1083 3516 1091 3550 ε
1197 3561 1201 3567 ,

469 3601 483 3629 ι
501 3578 610 3650 Thyrsis
623 3578 655 3634 ad
671 3577 827 3651 obsequium
841 3594 947 3652 sempor
958 3579 993 3633 sit
1002 3581 1140 3650 promptus
1150 3575 1244 3640 herile.

394 3709 400 3724 ⁸
504 3650 634 3706 Strenuus
646 3656 675 3704 ot
685 3648 762 3706 solox
774 3651 809 3706 sit
822 3649 904 3722 pede.
918 3648 1014 3714 corde.
1027 3663 1118 3705 mauu.

471 3720 600 3793 Pluraque
609 3720 721 3791 suscipit
734 3719 797 3776 irinc
809 3719 873 3776 inde
882 3720 1018 3793 precantia
1028 3717 1125 3790 sertia,

503 3792 608 3874 istaque
619 3789 783 3856 dissimulet,
797 3789 888 3848 audiat
899 3791 943 3848 itta
954 3790 1050 3847 libens.

469 3862 545 3918 iiuoc
558 3866 657 3918 intrare
670 3861 782 3933 iubens,
794 3860 867 3918 huuc
880 3866 1021 3934 expectare
1032 3875 1175 3933 parumper

503 3932 629 4001 Consoat.
645 3931 717 3989 hunc
728 3933 814 4000 intus.
832 3931 904 3990 huuc
916 3938 1005 3989 tanen
1019 3945 1079 3988 esso
1093 3929 1165 3988 toris.
1186 3950 1201 3980 ι

332 4014 481 4085 ti'heodtrttr
501 4016 639 4076 carmina.
664 4018 725 4074 Rec.
750 4018 794 4075 rtet
813 4017 925 4082 Hister..
938 4022 957 4073 t.
982 4015 1017 4083 V,
1042 4031 1068 4088 p.
1084 4018 1160 4087 tte.)
1181 4047 1215 4059 -
1232 4015 1320 4074 voca
1337 4031 1384 4074 sur

330 4086 601 4232 {euiqtnqtiqqqai‘rqqz
621 4089 869 4159 ti'aita,1)euttcic
896 4086 1223 4161 t'ersosturpcpcsciicite,
1281 4089 1382 4157 ³⁸⁶⁰·
1440 4109 1452 4117 ·

343 4200 351 4214 .
405 4202 413 4230 ,
448 4202 453 4214 .
519 4187 532 4200 ·
588 4200 596 4214 .

365 4246 390 4298 t.
410 4243 446 4298 ic
460 4240 629 4313 sacellarius,
642 4241 717 4316 piace
732 4258 794 4300 sous
804 4241 846 4300 ies
856 4241 950 4301 ordres
962 4213 1000 4299 du
1013 4241 1172 4313 chambrier,
1184 4242 1254 4297 avait
1265 4241 1292 4298 ia
1302 4239 1384 4314 getsie

328 4310 365 4368 du
395 4313 480 4395 trecor
504 4313 591 4384 repet,
626 4318 740 4370 souscot
767 4313 878 4385 designo
903 4329 955 4369 aux
977 4312 1096 4396 epoques
1118 4313 1335 4384 nerouugtenuc
1356 4316 1385 4370 et

329 4382 525 4457 carolingieuue
540 4399 589 4457 par
599 4383 624 4442 ie
639 4389 724 4443 termo
734 4384 769 4442 de
780 4384 914 4442 taccitum.
929 4384 965 4442 ce
978 4389 1042 4441 ture
1055 4399 1085 4442 se
1096 4387 1237 4442 rencoutre
1248 4382 1307 4457 deit
1321 4397 1385 4443 sous
