3398 5580
783 460 959 523 ..78-

338 606 517 674 seeundum
535 603 688 689 generale
704 600 882 686 placitum,
906 617 945 664 ae
961 600 991 663 si
1014 599 1186 662 inventum
1204 597 1255 663 rel
1270 615 1290 660 a
1306 594 1400 662 nullo

338 729 508 786 tractatum
522 726 621 793 osset,
642 723 806 791 maneret;
825 722 862 777 ut
878 715 908 777 si
926 711 1007 777 sorte
1022 710 1086 776 tale
1102 709 1227 796 aliquid
1243 718 1299 775 aut
1314 709 1402 775 inira
1481 770 1484 774 ,

339 844 396 900 aut
423 842 510 899 extra
537 850 675 916 rognum
705 826 929 894 ordinandum
957 834 1057 904 esset,
1085 824 1174 911 quod
1200 825 1403 912 prescientia

338 945 545 1033 quorundam
564 953 621 1008 aut
634 942 801 1007 ‹lesu-uere
816 950 874 1005 aut
888 950 975 1006 certe
994 940 1113 1005 inutile
1127 937 1260 1005 reddere
1273 947 1330 1003 aut
1344 958 1404 1024 per

339 1063 483 1147 aliquam
500 1059 661 1124 diversam
678 1059 833 1122 astutiam
850 1055 1049 1121 laboriosius
1066 1053 1251 1120 iaciendum
1267 1072 1401 1122 conver·

339 1186 406 1242 tore
432 1175 604 1251 voluisset,
630 1173 692 1239 hoo
717 1173 907 1238 nullatenus
938 1171 1041 1237 faeere
1068 1174 1237 1257 potuisset.
1266 1173 1304 1236 ln
1331 1174 1404 1257 ipso
1469 1167 1472 1172 ’

340 1299 449 1356 auteur
472 1289 609 1374 placito,
633 1290 661 1353 si
683 1286 763 1372 quid
784 1289 830 1351 ita
853 1269 1011 1371 exigeret,
1035 1285 1086 1351 uel
1106 1295 1239 1371 propter
1258 1285 1403 1352 satislao·

341 1407 463 1470 tionem
482 1414 671 1469 eeterorum
692 1404 877 1480 seniorum,
893 1401 946 1466 vel
962 1410 1094 1486 propter
1109 1420 1176 1466 non
1193 1401 1404 1467 solummiti·

269 1514 272 1519 ’
341 1519 486 1606 gaudum
505 1540 617 1584 verum
637 1522 737 1585 etiam
753 1516 998 1584 aceendendum
1019 1518 1171 1580 animum
1189 1515 1402 1601 populorum,

341 1638 419 1702 acsi
434 1637 480 1700 ita
496 1637 589 1720 prius
603 1633 720 1699 exinde
736 1634 980 1718 praecogitatum
997 1631 1082 1695 nihil
1101 1630 1232 1711 luisset,
1253 1633 1298 1716 ita
1317 1649 1407 1697 nuno

341 1771 361 1815 a
375 1768 459 1814 novo
475 1749 614 1815 oonsilio
631 1759 662 1814 et
675 1767 839 1813 consensu
854 1746 990 1811 illorum
1005 1755 1036 1810 et
1050 1746 1265 1822 inveniretur,
1283 1755 1316 1813 et
1331 1765 1405 1811 cunr

342 1861 570 1948 ιιιιιςιιιιίῑιιιε1
590 1861 669 1928 ordo
692 1863 836 1927 Domino
862 1860 944 1926 duee
971 1859 1190 1944 perficeretur.
1219 1859 1268 1923 lta
1295 1869 1407 1925 autern

342 1997 430 2042 anno
451 1979 561 2061 priore
583 1979 775 2053 terminato,
801 1975 936 2060 praelato
958 1971 1056 2038 modo
1082 1971 1288 2038 ordinaretur
1312 1983 1345 2040 et
1367 1973 1407 2040 de

343 2092 498 2160 secundo.

813 2394 939 2460 XXXI.
1019 2446 1022 2449 ,

389 2673 600 2741 Consiliarii²
619 2683 748 2753 autem,
766 2682 929 2760 quantum
945 2673 1103 2760 possibile
1119 2684 1203 2753 erat,
1219 2683 1285 2738 tarn
1299 2673 1409 2741 cleriei

316 2873 317 2876 Ἴ
343 2810 442 2874 quam
462 2789 536 2854 laici
558 2790 638 2856 tales
659 2790 867 2876 eligebantur
883 2792 943 2875 qui
965 2792 1091 2875 primo,
1114 2791 1293 2862 secundum
1315 2811 1410 2857 suam
1495 2787 1497 2789 ’

344 2905 483 2989 quisque
507 2905 698 2990 qualitatem
735 2905 785 2970 rel
817 2907 1062 2984 ministerium,
1101 2904 1209 2971 Deum
1237 2907 1409 2984 timerent3

346 3017 479 3097 deinde,
501 3019 599 3085 talem
625 3018 723 3085 lidern
749 3019 923 3099 haberent,
950 3028 1003 3098 ut,
1035 3029 1164 3104 excepta
1188 3021 1254 3083 vita
1273 3028 1409 3098 aterna,

349 3131 434 3198 nihil
451 3135 519 3218 regi
537 3144 568 3199 et
580 3152 682 3219 regno
698 3143 943 3220 praeponerent,
966 3152 1034 3200 non
1053 3136 1193 3212 amieos,
1214 3153 1280 3201 non
1298 3135 1412 3200 inimi-

387 3456 412 3509 t.
433 3455 542 3520 Bueons
554 3455 644 3511 donne
656 3455 838 3526 uoqnouiorio,
852 3455 898 3529 qui
911 3455 953 3512 o'a
966 3454 1144 3528 panderent.

386 3542 413 3594 2.
433 3537 455 3591 ll
467 3544 509 3592 ost
524 3536 583 3603 (liii
604 3539 729 3611 question
750 3538 785 3594 (le
803 3554 849 3595 ces
868 3538 1026 3595 conseillers
1046 3538 1083 3594 du
1105 3539 1144 3594 roi
1165 3536 1233 3594 dana
1253 3537 1416 3597 l'Atlnoritio

369 3606 483 3663 eucrotia
503 3606 601 3665 de'lttl
624 3632 630 3665 :
656 3629 667 3660 ι
691 3609 918 3666 considerem...
940 3624 1056 3665 unarum
1078 3607 1259 3665 sacerdotibus
1279 3614 1307 3666 et
1326 3611 1416 3667 eono-

363 3678 434 3732 iariis
448 3679 591 3734 nostrie...
609 3701 623 3727 ι
639 3677 785 3749 (Boeotius,
804 3679 982 3752 capitulario,
1005 3691 1036 3735 o·
1057 3681 1101 3747 22,
1123 3683 1144 3736 t.
1164 3681 1187 3747 Ι,
1198 3695 1229 3762 p.
1244 3679 1301 3750 53.)
1315 3679 1337 3737 ΙΙ
1351 3681 1415 3737 &tait

352 3762 411 3802 rare
423 3762 476 3819 que
489 3748 529 3804 les
543 3747 597 3804 roio
612 3749 792 3820 carolingious
804 3750 1001 3822 entreprissent
1011 3748 1128 3836 quelque
1144 3749 1236 3805 nllarre
1254 3749 1416 3834 importante

353 3832 416 3872 saus
429 3819 504 3874 avoir
523 3819 645 3874 consulte
667 3818 740 3875 leurs
756 3820 913 3876 conseillers
936 3843 943 3876 ε
968 3840 981 3870 ι
1003 3821 1102 3875 botruo
1119 3819 1155 3874 nit
1167 3819 1303 3877 dilectioni
1318 3826 1416 3878 vestm

353 3887 414 3960 quia
439 3902 497 3957 nos,
518 3904 579 3943 curu
602 3888 726 3945 tidelibus
747 3891 845 3945 nostrie
869 3895 923 3945 tarn
947 3889 1110 3960 spiritalibus
1137 3904 1218 3972 quani
1244 3889 1417 3948 sacularibus

354 3962 512 4026 tractantes,
539 3974 599 4014 eunt
623 3975 757 4015 consensu
786 3965 814 4015 et
839 3961 896 4031 pari
925 3959 1038 4016 consilio
1061 3959 1214 4016 invenimus
1237 3961 1416 4018 necessarium

353 4042 458 4084 esse...
475 4049 489 4076 ιι
504 4029 648 4097 morotius,
662 4029 837 4111 capitulario.
850 4042 881 4084 n·
894 4032 956 4098 trt,
971 4035 991 4085 t.
1005 4031 1027 4100 l,
1038 4045 1064 4102 p.
1080 4029 1155 4100 rto.)
1166 4031 1274 4101 thegan
1288 4031 1417 4114 reproolro

353 4100 368 4152 t
384 4097 462 4152 louis
474 4096 499 4154 le
523 4099 605 4153 Pioux
623 4099 724 4156 ‹l'arou
743 4096 855 4155 aeconio
869 4104 930 4172 trop
947 4099 982 4155 do
1000 4098 1138 4156 contiance
1151 4103 1166 4154 l
1181 4100 1414 4160 seseouserllen:

356 4188 370 4215 ι
390 4167 486 4224 Omnia
507 4168 655 4239 prudenter
674 4176 702 4225 et
720 4175 913 4241 meleagrus,
934 4169 1001 4226 nihil
1020 4169 1164 4227 ludier-rete
1183 4170 1298 4241 taciens,
1318 4177 1417 4243 pra-ter

373 4235 424 4291 nod
457 4237 615 4294 consiliariis
648 4240 704 4295 suis
734 4240 818 4308 arogis
847 4239 963 4296 eredidit
989 4255 1070 4313 quatu
1094 4255 1162 4312 opus
1185 4246 1265 4297 esset.
1297 4264 1311 4290 ι
1343 4242 1417 4312 tt'ltu

367 4307 496 4364 ltodouici
521 4324 545 4365 o.
561 4310 623 4365 xx.
640 4309 727 4378 Perta,
739 4310 881 4381 scriptor„
902 4314 924 4366 t.
938 4311 974 4381 ΙΙ,
988 4325 1015 4383 p.
1032 4312 1105 4378 5⁹5.)
1123 4310 1205 4382 Pepin
1226 4326 1255 4367 oe
1274 4309 1417 4383 properant

353 4376 411 4433 lla
432 4351 551 4452 ror-olle,
573 4378 734 4453 l'empereur
755 4381 891 4438 r'entoure
914 4379 950 4437 de
971 4395 1016 4438 ses
1035 4379 1193 4438 conseillen
1217 4403 1225 4439 ι
1249 4404 1264 4430 ·
1288 4381 1418 4439 ὓοιιιὶιιιι

474 4647 492 4687 ἃ
