3398 5580
716 422 893 484 ..82-

274 580 403 627 summo
422 562 532 627 studio
557 562 637 625 tales
659 559 877 643 eligebantur,
902 570 959 626 aut
980 558 1073 626 electi
1097 559 1346 626 instruebantur

275 687 333 770 qui
349 686 467 750 merito
481 687 641 749 interesse
655 685 852 768 potuissent.
871 684 935 750 Sed
949 694 981 750 et
997 683 1039 749 de
1055 685 1179 749 eaeteris
1194 685 1345 749 ministe-

276 807 430 884 rialibus,
453 810 512 892 qui
533 806 632 871 talem
654 826 690 871 se
708 805 902 872 ostendebat
921 805 1013 882 utad
1031 805 1111 884 hoe,
1131 806 1183 872 rel
1204 804 1349 892 praesens

277 931 326 997 vel
344 932 492 1008 iuturus,
513 949 603 995 nunc
620 928 776 994 discendo
797 930 1008 1015 postmodum
1024 948 1100 996 rere
1118 931 1345 1010 consiliando,

276 1054 346 1119 loeo
360 1054 540 1120 eorundem
558 1052 739 1119 honorifice
759 1053 915 1119 substitui
930 1056 1108 1139 potuisset,
1126 1073 1202 1119 curn
1218 1073 1350 1119 summa

277 1180 460 1244 intentione
485 1179 609 1242 mentis
636 1176 857 1254 intendendo,
893 1177 1037 1273 singulis
1063 1197 1137 1263 quae
1168 1177 1351 1263 agebantur

279 1305 434 1366 interesse
457 1300 637 1385 jubebatur
667 1300 799 1365 salvans
830 1301 969 1380 credita,
1001 1300 1132 1368 discens
1160 1302 1347 1385 incognita,

277 1426 423 1490 retinens
446 1422 597 1489 ordinata
622 1433 653 1488 et
676 1426 872 1507 constituta;
902 1435 954 1500 ut,
980 1426 1008 1488 si
1032 1423 1113 1490 sorte
1135 1423 1200 1490 tale
1223 1398 1351 1508 alicuid

279 1528 365 1612 entra
384 1555 441 1610 aut
463 1546 550 1610 inira
569 1565 708 1629 regnum
730 1547 884 1623 oriretur,
907 1556 966 1611 aut
979 1545 1207 1632 insperatum¹
1227 1555 1259 1613 et
1278 1544 1352 1613 ideo

281 1689 346 1734 non
374 1669 653 1753 premeditatum,
685 1671 907 1747 nuntiaretur,
941 1672 1048 1734 rarius
1079 1642 1200 1733 tarnen-
1221 1649 1352 1736 neccsse

279 1802 362 1859 esset
387 1801 425 1855 ut
451 1793 630 1857 consilium
658 1792 758 1857 altius
788 1801 993 1871 tractaretur,
1013 1802 1058 1859 et
1084 1801 1194 1858 tamen
1222 1801 1353 1877 tempus

279 1924 390 2000 aptum
408 1934 474 1980 non
492 1925 577 1980 esset
595 1916 631 1978 in
650 1935 715 2000 quo
733 1915 860 2000 praelati
879 1917 1062 1982 consiliarii
1078 1924 1348 1994 convocarentur,

279 2039 344 2122 ipsi
367 2037 520 2121 palatini,
548 2057 608 2121 per
631 2036 893 2103 misericordiam
907 2040 996 2117 liei,
1023 2059 1061 2103 ex
1081 2058 1196 2104 eorum
1218 2037 1354 2104 assidua

282 2159 499 2227 familiaritate
514 2169 580 2225 tam
595 2162 631 2224 in
650 2160 791 2245 puhlicis
807 2162 975 2239 consiliis,
991 2180 1158 2248 quamquo
1172 2181 1210 2226 ex
1228 2160 1355 2229 domes·
1427 2176 1437 2191 “

282 2285 344 2348 tica
356 2285 391 2347 in
406 2283 468 2349 hac
481 2292 572 2370 parte
585 2283 800 2361 allocutione,
819 2287 1034 2370 responsione
1047 2295 1081 2351 et
1093 2285 1353 2364 consultatione,

282 2403 428 2470 studium
455 2404 625 2484 haberent,
652 2417 749 2491 prout
773 2416 854 2473 tunc
880 2409 928 2473 rei
953 2408 1006 2473 vel
1027 2410 1186 2493 temporis
1202 2407 1356 2493 ‘qualitas
1402 2382 1407 2388 ¹

283 2529 444 2613 erigebat,
476 2539 533 2593 aut
560 2530 740 2594 ‹musilium
771 2529 915 2615 pleniter
941 2530 1020 2598 dare
1049 2530 1131 2616 quid
1159 2530 1266 2607 lieret,
1297 2539 1357 2596 aut

283 2660 366 2717 certe
399 2652 563 2737 quomode
593 2652 635 2716 ad
666 2653 828 2738 praefinita
861 2663 1008 2740 tempora
1041 2674 1117 2719 cum
1153 2652 1292 2720 consilio
1324 2663 1358 2720 et

284 2774 405 2859 absque
421 2774 490 2840 ullo
508 2774 704 2841 detrimento
727 2795 779 2840 res
798 2776 912 2843 eadem
933 2779 1094 2863 expectari
1112 2777 1163 2843 rel
1179 2777 1357 2842 sustentari

286 2899 450 2981 potuisset.
472 2898 548 2963 Hree
563 2896 604 2964 de
622 2898 815 2984 maioribus.
919 2981 923 2989 .

743 3181 901 3248 xxxnt.

331 3464 378 3529 De
393 3464 579 3528 minoribus
593 3482 668 3528 rere
683 3463 734 3528 vel
746 3463 881 3548 proprie
896 3461 1072 3546 palatinis,
1089 3461 1136 3525 ita
1149 3470 1185 3525 ut
1197 3457 1357 3535 diximus,

289 3607 356 3652 non
375 3586 571 3671 generaliter
586 3586 628 3651 ad
650 3604 790 3670 regnum
812 3585 1075 3671 per-liuentibus,
1097 3582 1153 3651 sed
1176 3583 1363 3669 specialiter

287 3709 328 3775 ad
346 3729 502 3796 personas
512 3728 660 3794 quasque
674 3707 949 3795 respicientibus,
966 3705 1062 3792 quae²
1076 3706 1260 3794 specialiter
1272 3705 1363 3791 pala·

289 3835 335 3898 tio
362 3832 599 3910 imminebant,
625 3852 700 3898 cum
727 3834 776 3897 eis
802 3829 961 3896 dominus
982 3850 1092 3895 rerum
1120 3832 1166 3894 ita
1182 3829 1363 3924 ‚inconfuse

287 3954 439 4021 ordinare
467 3957 631 4041 potuisset
659 3966 697 4020 ut
726 3952 844 4020 exinde
882 3972 951 4018 non
984 3953 1094 4018 solum
1126 3951 1363 4019 detrimentum

326 4219 351 4272 t.
371 4217 481 4272 busaeus
497 4215 589 4272 denne
602 4216 758 4288 immotum.

327 4304 352 4355 2.
375 4301 515 4356 Prot-etro
537 4299 758 4356 corrrieudraitil
780 4298 951 4372 d'expliquer
962 4313 1067 4356 uenture
1086 4298 1127 4354 s'il
1142 4298 1362 4370 parcitatem.

291 4394 305 4421 ι
329 4372 488 4440 Quantam
509 4370 618 4427 astrites
621 4413 686 4428 ......
707 4371 754 4444 qui
779 4384 809 4425 se
829 4369 1044 4443 rapportaientl
1067 4368 1116 4425 des
1139 4366 1308 4443 particuliers
1327 4383 1364 4425 eu
